2628 4430
203 378 242 438 41
517 375 549 424 n.
567 374 664 424 sunu
680 373 876 424 invenitis

203 517 242 576 Ut
254 529 283 576 te
296 517 469 592 conciperet,
482 536 545 593 quae
559 518 699 594 sanguine
714 517 801 592 fulget
814 515 887 586 Iuli;

202 594 270 654 Non
284 615 346 671 quae
360 606 475 652 ventoso
489 595 631 652 conducto
645 596 697 652 sub
711 615 814 670 aggere
828 595 905 652 texit.

202 673 262 732 Vos
276 673 407 744 humiles,
422 673 525 749 inquis,
539 673 616 749 vulgi
629 693 694 750 pars
708 673 808 730 ultime
821 672 919 745 nostri,

201 750 335 812 Quorum
349 771 434 809 nemo
448 762 533 826 queat
545 751 664 828 patriam
679 763 835 809 monstrare
849 749 991 826 perentisr

202 829 258 886 Ast
272 848 326 904 ego
339 829 520 904 Cecropides.
562 829 659 900 Vivus,
673 840 702 886 et
715 828 833 904 originis
847 827 930 904 hujus

201 907 314 964 Gaudia
327 907 412 983 longa
426 907 516 976 feras3
538 918 633 964 temen
647 907 705 964 imt
718 907 801 982 plebe
813 907 959 968 Quiritem

202 983 372 1042 Facundum
386 985 534 1042 invenies:
555 985 626 1043 solet
639 985 686 1042 hic
701 985 853 1042 defendere
867 1003 969 1043 causus

201 1061 314 1120 Nobilis
328 1063 444 1122 indocti.
486 1063 591 1122 Veniet
605 1064 640 1120 de
655 1063 737 1140 plebe
751 1064 858 1139 togati,

200 1139 262 1202 Qui
273 1141 345 1217 juris
358 1143 448 1199 nodos
461 1151 490 1198 et
503 1141 598 1218 legum
613 1142 764 1218 aenigmata
777 1141 872 1198 solvat

201 1217 260 1293 Hic
274 1220 344 1294 petit
357 1219 522 1295 Euphraten
534 1219 657 1296 juvenis,
672 1219 827 1294 domitique
842 1218 940 1276 Batavi

202 1297 343 1354 Custodes
357 1299 473 1372 aquilas,
488 1298 574 1354 armis
587 1297 759 1366 industrius;
781 1307 810 1354 at
818 1297 854 1356 ⁴tu

200 1373 262 1448 Nil,
277 1375 331 1432 nisi
346 1375 528 1452 Cecropides,
543 1387 700 1450 truncoque
712 1376 871 1432 simillimus
885 1373 1010 1432 Hermae.

200 1453 288 1511 Nullo
301 1455 404 1530 quippe
418 1453 472 1511 ulio
486 1453 577 1510 vincis
590 1453 764 1526 discrimine,
775 1453 860 1530 qudm
874 1449 951 1528 qudd

201 1529 248 1589 Illi
261 1551 448 1589 marmoreum
464 1543 549 1608 caput
559 1543 612 1602 est,
626 1542 676 1589 tua
690 1531 756 1588 vivit
770 1533 872 1608 imago.

200 1609 257 1667 Dic
271 1611 351 1682 mihi,
365 1609 544 1668 Teucrorum
556 1609 659 1686 proles,
673 1610 806 1668 animalia
820 1620 900 1666 muta

199 1687 276 1750 Quis
289 1707 427 1765 generosa
440 1701 529 1764 putet,
544 1689 599 1746 nisi
614 1689 717 1746 fortial
737 1708 840 1766 nempe
853 1687 998 1746 volucrem

201 1767 251 1823 Sic
264 1767 411 1823 laudamus
426 1787 540 1841 equum,
555 1767 631 1824 sacili
646 1767 693 1824 cui
708 1766 829 1843 plurima
842 1767 936 1844 palma

200 1843 313 1917 Fervet,
326 1855 355 1902 et
368 1845 489 1902 exsultat
502 1865 589 1902 rauco
603 1845 720 1902 victoria
733 1845 828 1902 Circo.

199 1921 312 1980 Nobilis
326 1922 383 1994 hic,
397 1941 566 1998 quocunque
581 1923 658 1980 venit
672 1924 707 1980 de
721 1924 859 1999 gramine,
874 1922 956 1998 cuius

199 2000 285 2058 Clara
300 2001 445 2076 fugqante
459 2001 538 2074 alios,
549 2013 578 2058 et
591 2002 698 2078 primus
712 2001 742 2058 in
756 2021 866 2077 aequore
879 2001 988 2078 pulvis:

136 2074 142 2088 '
201 2079 258 2136 Sed
272 2080 371 2136 venale
384 2098 472 2155 pecus
486 2079 630 2155 Corythae‚
640 2079 789 2156 posteritas
802 2091 831 2138 et

200 2157 327 2234 Hirpini,
341 2158 365 2214 si
379 2177 443 2214 rara
453 2157 524 2234 jugo
538 2157 656 2216 victoria
670 2159 749 2216 sedit.

200 2235 250 2294 Nil
264 2236 303 2293 ibi
317 2236 454 2312 majorum
469 2248 625 2313 respectus,
638 2237 728 2314 gratia
743 2236 822 2294 nulla

199 2313 388 2372 Umbrarum:
410 2315 539 2372 dominos
552 2315 649 2390 pretiis
663 2327 772 2372 mutare
783 2315 920 2390 jubentur

199 2393 329 2468 Exiguis,
343 2394 463 2468 tritoque
477 2393 592 2450 trahunt
605 2393 730 2468 epiredia
744 2393 818 2450 collo

200 2471 387 2548 segnipedes,
401 2471 537 2548 dignique
551 2471 653 2528 molum
669 2491 778 2528 versare
792 2471 921 2548 Nepotis.

199 2546 288 2626 Ergd,
302 2560 334 2606 ut
348 2549 482 2607 miremur
495 2561 534 2622 te,
548 2569 605 2607 non
620 2561 678 2622 tua,
692 2548 815 2626 primum
830 2550 935 2625 aliquid
949 2549 995 2623 da,

198 2627 287 2690 Quod
301 2629 405 2704 possim
420 2627 509 2685 titulis
523 2627 649 2684 incidere
663 2641 764 2704 preter
778 2629 908 2700 honores,

197 2705 282 2768 Quos
297 2705 353 2763 illis
366 2707 467 2762 damus
481 2717 509 2762 et
523 2705 663 2778 dedimus,
678 2706 779 2780 quibus
793 2705 888 2762 omnia
903 2706 999 2764 debes.

238 2783 312 2840 Haec
326 2781 394 2840 satis
408 2784 443 2840 ad
455 2783 600 2858 juvenem,
614 2802 698 2857 quem
712 2783 793 2840 nobis
807 2783 880 2840 suma
893 2784 1047 2859 superbum
1144 2778 1149 2787 ’

199 2861 311 2934 Tradit,
326 2872 355 2918 et
368 2861 507 2932 inflatum,
520 2861 691 2937 plenumque
706 2860 822 2918 Nerone
837 2861 1004 2938 propinquo.

198 2937 295 2998 Rarus
309 2940 385 2998 enim
400 2937 488 2996 fermd
502 2957 604 2996 sensus
617 2939 776 2996 communis
789 2939 819 2996 in
833 2939 882 2997 iltt

198 3017 334 3076 Fortund.
377 3019 435 3076 Sed
448 3029 476 3076 te
487 3017 598 3075 censeri
612 3017 696 3074 laude
707 3028 829 3091 tuorum,

198 3095 328 3169 Pontice,
342 3097 492 3168 noluerim,
509 3095 551 3154 sic
565 3107 597 3153 ut
610 3095 680 3153 nihil
695 3096 754 3172 ipse
769 3097 870 3154 suturae
1141 3098 1184 3157 75

199 3173 306 3232 Laudis
321 3194 396 3250 agas.
432 3175 578 3234 ,Miserum
592 3186 635 3232 est
648 3175 767 3234 aliorum
781 3175 946 3234 incumbere
960 3173 1051 3252 femae,

198 3252 246 3310 Ne
260 3253 382 3328 collapsa
396 3265 480 3312 ruant
494 3248 641 3312 sribductis
655 3265 730 3312 tecta
744 3253 892 3311 columnis.

199 3331 311 3388 Stratus
326 3331 404 3388 humi
418 3333 525 3408 palmes
539 3331 638 3390 viduas
652 3331 793 3390 desiderat
807 3332 906 3388 ulmos.

199 3407 269 3466 Esto
283 3409 374 3466 bonus
388 3410 478 3482 miles,
493 3420 568 3468 tutor
582 3411 684 3482 bonus,
698 3409 801 3468 arbiter
815 3409 891 3466 idem

199 3483 324 3562 Integer.
365 3487 517 3563 Ambiguae
532 3489 556 3544 si
570 3487 683 3562 quando
696 3488 819 3546 citabere
833 3487 913 3546 testis

199 3563 378 3640 Incertaeque
391 3565 432 3622 rei
443 3586 451 3635 ;
471 3565 599 3623 Phalaris
613 3564 682 3624 licet
695 3567 824 3642 imperet,
839 3575 870 3622 ut
883 3565 923 3623 sis

200 3641 311 3712 Falsus,
326 3654 355 3700 et
369 3644 484 3702 admoto
498 3644 587 3702 dictet
599 3645 723 3720 perjuria
736 3654 827 3716 tauro,

200 3721 352 3778 Summum
365 3722 451 3780 crede
464 3721 544 3780 nefas
558 3723 681 3780 animam
695 3722 825 3798 praeferre
838 3721 951 3798 pudori,

199 3797 238 3857 Et
250 3809 363 3874 propter
376 3799 461 3858 vitam
476 3801 586 3858 vivendi
599 3801 717 3878 perdere
731 3819 840 3858 causas.

199 3875 313 3953 Dignus
326 3889 416 3936 morte
429 3879 512 3953 perit,
526 3890 620 3938 coenet
632 3877 702 3936 licet
714 3889 807 3937 ostrea
820 3888 936 3937 centum
1141 3878 1180 3938 85
