2628 4430
470 529 778 574 r

439 627 577 658 ,κη’
660 617 674 662 ,

363 761 422 836 D.
462 757 640 836 JUNII
678 760 1036 836 JUVENALIS
1092 775 1100 790 ’

618 1017 783 1066 mmmm

480 1247 886 1319 ‚SATlRARUM

432 1515 434 1522 ’
541 1503 645 1553 LIBER
662 1503 855 1554 SECUNDUS.

582 1940 740 2000 SATIRA
764 1939 817 1999 VI.

244 2098 353 2159 Ounno
366 2098 534 2176 pudicitiam
549 2101 672 2160 Saturno
685 2119 752 2178 rege
766 2111 903 2158 moratam

205 2178 241 2238 In
255 2178 347 2252 terris,
362 2179 506 2256 visamque
520 2177 580 2253 diir,
595 2199 682 2255 quum
696 2179 800 2256 frigida
817 2199 917 2256 parvae

205 2257 350 2318 Praeberet
365 2259 502 2336 spelunca
515 2260 625 2331 domos,
640 2261 801 2336 ignemque,
816 2259 970 2334 laremque,

205 2337 243 2398 Et
256 2357 354 2415 pecus,
368 2349 398 2396 et
411 2339 542 2397 dominos
556 2339 700 2397 communi
715 2339 863 2396 clauderet
876 2339 994 2409 umbrd;

205 2418 369 2476 Silvertrem
383 2430 518 2476 montana
532 2431 626 2476 torum
639 2437 726 2494 quum
741 2431 879 2476 sterneret
890 2437 960 2476 uror

126 2545 128 2554 ,
205 2497 368 2556 Frondibus
381 2509 410 2555 et
425 2497 529 2571 culmo,
545 2497 757 2574 vicinarumque
773 2498 897 2556 serarum

204 2576 348 2646 Pellibus}
371 2577 447 2634 haud
462 2577 563 2636 similis
576 2577 637 2650 tibi,
653 2577 787 2653 Cynthia,
802 2597 857 2636 nec
870 2577 932 2651 tibi,
946 2577 1028 2656 cujus

204 2656 346 2715 Turbavit
359 2656 464 2716 nitidos
478 2658 635 2716 exstinctus
648 2677 743 2734 passer
757 2658 877 2727 ocellos;

205 2738 263 2795 led
278 2737 401 2812 potanda
414 2736 508 2794 ferens
523 2736 678 2794 insentibus
692 2737 780 2794 ubera
793 2738 914 2812 magnis,
936 2757 938 2764 ·

205 2816 243 2874 Et
256 2813 332 2892 caepd
347 2815 486 2873 horridior
499 2815 635 2892 glandem
647 2827 779 2874 ructante
792 2816 902 2874 marito.

203 2895 322 2972 Quippe
337 2895 418 2953 uiiter
431 2908 502 2953 tuuc
512 2897 580 2953 orbe
594 2915 666 2953 novo
680 2894 807 2970 coeioque
823 2894 931 2954 recenti

205 2975 348 3034 Vivebant
363 2973 502 3047 homines,
516 2973 564 3050 qui
578 2987 660 3052 rupto
673 2975 773 3034 robore
788 2975 856 3048 neti,

205 3053 397 3132 Compositive
411 3053 480 3128 luto,
494 3054 587 3112 nullos
601 3053 727 3112 habuere
740 3065 880 3132 parentes.

205 3134 299 3192 Multa
312 3134 457 3212 pudicitie
471 3134 572 3192 reteri·
586 3135 703 3209 vestigia
717 3133 820 3206 forsan,

205 3215 268 3273 Aut
281 3214 374 3290 aliqua
388 3215 556 3286 exstiterint,
570 3226 599 3272 et
611 3215 664 3272 sub
678 3215 765 3286 Jovc;
787 3215 837 3272 sed
851 3214 921 3273 Jove
934 3216 1063 3274 nondum
1158 3215 1200 3274 15

206 3295 340 3366 Barbam,
354 3295 482 3355 noudum
495 3293 605 3352 Grecis
616 3295 712 3370 jurare
726 3295 830 3372 paratis

206 3374 261 3432 Per
275 3385 362 3452 caput
375 3373 499 3446 atterius,
513 3393 600 3449 quum
615 3374 704 3430 furem
719 3393 804 3432 nemo
816 3374 929 3432 timeret

206 3453 356 3527 Cautibus,
371 3455 420 3526 aut
432 3453 533 3529 pom'i8‚
547 3465 576 3510 et
591 3465 687 3528 aperto
701 3455 805 3512 viveret
819 3455 908 3511 horto.

206 3532 350 3592 Paulatim
364 3530 468 3592 deinde
483 3533 518 3590 ed
533 3551 651 3608 superos
664 3535 775 3590 Astraee
789 3533 906 3591 recessit

207 3612 274 3670 Huc
288 3611 402 3685 comite,
416 3623 499 3688 etque
513 3613 577 3670 duae
591 3613 694 3688 pariter
709 3611 807 3688 fugere
821 3629 937 3672 sorores.
1154 3611 1196 3671 20

208 3691 367 3768 Antiquom
380 3703 410 3750 et
423 3704 502 3750 vetus
515 3703 568 3764 est,
583 3693 717 3765 alienum,
731 3691 876 3764 Postume,
890 3693 995 3750 lectum

102 3766 107 3777 '
207 3771 380 3842 Concutere‚
395 3783 477 3847 atque
491 3772 564 3830 sacri
578 3772 695 3848 genium
708 3783 891 3830 contemnere
906 3771 997 3830 fulcri.

207 3850 303 3910 Omne
317 3850 393 3908 aliud
408 3852 516 3908 crimen
531 3869 597 3909 mox
610 3851 700 3909 ferrea
713 3851 827 3928 protulit
842 3864 926 3909 aetes:
990 3851 992 3858 '

208 3930 351 3990 Viderunt
363 3930 467 4007 primos
481 3942 616 4008 argentea
628 3931 733 3990 secula
746 3932 881 3990 moechos.
