2628 4430
521 349 645 398 sirum
661 347 696 398 x.
892 385 894 391 ,
1055 351 1096 410 55

112 491 250 550 Delatorl
270 492 372 568 quibus
382 491 515 550 indiciisl
536 511 590 568 quo
603 502 673 548 teste
687 491 834 568 probavit?
1056 490 1096 550 7⁰

113 571 162 628 Nil
179 573 299 628 horum:
320 573 436 628 verbosa
450 583 478 628 et
491 572 606 646 grandis
620 569 737 646 epistola
751 571 829 628 venit

113 650 140 706 A
155 649 287 726 Capreis.
328 650 406 707 Bene
421 651 504 708 habet
513 670 520 718 ;
542 650 580 706 nil
596 650 658 726 plus
672 649 821 726 iuterrogq.
864 649 921 708 Sed
936 649 1004 725 quid

112 729 218 788 Turba
232 729 320 786 Remi
332 731 344 786 l
386 729 518 804 Sequitur
533 727 696 800 Fortunam,
711 739 741 784 ut
755 747 875 805 semper,
888 739 916 788 et
929 728 988 786 odit

113 807 285 866 Damnatos
326 807 408 866 Idem
422 809 551 884 populuS,
566 808 590 866 si
604 805 710 865 Nursia
723 805 822 868 Tusca

113 885 257 958 Favisset,
272 888 296 944 si
309 906 441 963 oppressa
456 887 524 946 foret
538 905 638 944 secura
653 898 783 943 senectus

114 966 269 1042 Principis,
284 966 339 1023 bric
353 967 413 1042 ipsd
427 965 562 1042 Sejanum
576 965 683 1022 diceret
696 965 764 1022 bord

114 1047 289 1122 Augustum.
331 1043 528 1122 Iampridem,
542 1065 577 1102 ex
591 1063 646 1119 quo
660 1043 793 1120 suffragia
805 1043 875 1102 nulli

113 1125 287 1197 vendimus,
301 1123 400 1182 effudit
420 1143 510 1182 ouras
552 1122 629 1180 Nam
643 1123 691 1198 qui
705 1123 790 1182 dabat
802 1121 870 1182 olim

114 1203 283 1280 Imperium,
298 1202 397 1275 fasces,
411 1203 547 1279 legiones,
561 1202 667 1276 omnia,
681 1221 759 1260 nunc
773 1221 803 1260 se

114 1283 263 1355 Continet,
275 1294 356 1357 atque
371 1284 441 1339 duas
455 1280 564 1339 tautbm
579 1301 623 1338 res
637 1281 738 1342 auxius
750 1293 838 1358 optat,

114 1362 225 1419 Panem
239 1373 269 1420 et
282 1361 441 1420 Circenses
483 1360 624 1418 Perituros
638 1361 722 1418 audio
736 1362 860 1438 multos.x

115 1439 166 1498 Nil
180 1441 317 1510 dubium;
339 1459 441 1516 magna
454 1451 497 1498 est
511 1439 670 1498 fornacula:
691 1439 842 1516 pallidulus
854 1437 895 1498 mi

116 1520 263 1578 Brutidius
276 1538 357 1576 meus
371 1521 405 1576 ad
421 1518 520 1578 Martis
535 1517 587 1576 luit
599 1519 697 1576 obvius
711 1538 796 1576 aram

118 1598 216 1660 Qudm
229 1600 325 1669 timeo,
340 1599 430 1655 victus
444 1618 480 1656 ne
494 1617 591 1674 poenas
604 1599 699 1673 exigat
713 1597 797 1674 Ajax,

121 1677 161 1736 Ut
173 1676 243 1736 maid
259 1677 409 1735 defensus!
433 1679 586 1734 Curramus
600 1675 767 1752 praecipites,
781 1688 820 1748 et,

121 1756 199 1814 Dum
210 1758 286 1833 jacet
300 1757 330 1814 iu
346 1757 415 1832 ripd,
431 1755 574 1812 calcemus
587 1754 708 1812 Caesaris
725 1755 840 1814 bostem.

119 1837 176 1894 Sed
192 1837 305 1894 videant
319 1837 401 1908 servi,
415 1854 451 1892 ne
466 1835 528 1911 quis
541 1847 635 1912 neget,
649 1847 679 1893 et
691 1835 823 1912 pavidum
837 1835 868 1894 in
878 1835 927 1915 jus

118 1917 237 1974 Cervice
251 1915 387 1974 obstricta
401 1916 547 1972 dominum
560 1915 659 1972 trahat.
700 1913 740 1972 Hi
755 1933 898 1974 sermones

118 1996 205 2054 Tunc
219 1995 256 2052 de
272 1995 386 2072 Sejano,
401 2005 508 2052 secreta
524 1996 585 2051 haec
600 2013 744 2052 murmura
758 1994 842 2071 vulgi.

121 2075 207 2132 Visne
222 2073 347 2145 salutari,
362 2075 434 2132 sicut
446 2074 585 2150 Sejanusl
608 2074 710 2130 babere

123 2153 317 2226 Tantundem,
332 2164 414 2228 atque
428 2153 467 2210 illi
481 2171 604 2208 summas
619 2153 723 2209 donare
739 2151 871 2208 curulesl

120 2231 202 2291 illurn
217 2232 387 2290 exercitibus
400 2232 584 2308 praeponere?
605 2242 678 2287 tutor
692 2230 788 2287 haberi

119 2312 265 2388 Principis¹
274 2311 394 2388 angustis
409 2311 580 2386 Caprearum
596 2309 625 2368 in
639 2327 708 2384 rupe
722 2308 845 2366 sedentis

119 2392 192 2450 Cum
207 2409 295 2468 grege
310 2390 466 2448 Chaldaeol
488 2389 539 2448 Vis
553 2385 630 2446 certe
646 2389 712 2464 pila,
726 2388 865 2460 cohortes,

120 2471 261 2548 Egregios
275 2471 392 2545 equiteS,
407 2482 435 2528 et
448 2485 539 2526 castra
553 2467 730 2526 domestical
751 2465 863 2528 Quidni

127 2549 192 2608 llaec
206 2549 325 2626 cupias'l
347 2559 385 2620 et,
399 2549 446 2623 qui
461 2549 561 2604 nolunt
573 2547 703 2604 occidere
716 2563 887 2620 quenquam,

129 2628 205 2687 Posse
221 2629 327 2687 volunt.
369 2627 427 2684 Sed
441 2645 503 2702 quae
518 2626 653 2703 praeclara
666 2635 694 2681 et
707 2643 838 2701 prospera
852 2624 932 2698 tanti,

130 2707 163 2765 Ut
174 2710 257 2766 rebus
270 2707 343 2766 laetis
356 2725 405 2782 par
421 2707 456 2763 sit
470 2725 601 2763 mensura
615 2703 771 2762 maloruml

126 2785 225 2864 Hujus,
240 2788 289 2863 qui
303 2787 430 2858 trahitur,
444 2797 605 2862 praetextam
620 2803 731 2842 sumere
745 2784 843 2857 mavis,

122 2865 169 2925 An
183 2866 358 2924 Fidenarum
372 2865 582 2940 Gabiorumque
595 2884 658 2922 esse
672 2876 803 2940 potestas,

121 2945 158 3004 Et
171 2947 208 3004 de
223 2946 357 3003 mensurd
369 2945 414 3021 jus
428 2946 533 3016 dicere,
547 2964 613 3002 vasa
626 2945 734 3005 minora

120 3023 266 3102 Frangere
280 3043 422 3101 pannosus
433 3024 528 3080 vacuis
543 3023 646 3080 AEdilis
659 3023 795 3080 Ulubrisl

121 3103 198 3182 Ergd
214 3105 281 3180 quid
294 3104 449 3180 optandum
464 3103 543 3171 leret,
558 3100 702 3176 ignordsse
717 3101 812 3156 lateris

121 3184 277 3261 Sejanum:
298 3201 364 3242 nam
378 3181 425 3256 qui
439 3180 540 3236 nimios
549 3179 663 3254 optabat
676 3179 806 3250 honores,

121 3263 159 3322 Et
173 3264 276 3321 nimias
288 3261 421 3338 poscebat
434 3277 510 3334 opes,
526 3276 676 3314 numerosa
688 3255 804 3334 parabat

121 3344 251 3403 Excelsae
265 3342 348 3400 turris
362 3341 494 3410 tabulata,
510 3338 584 3394 unde
599 3335 679 3394 altior
693 3346 768 3394 esset

121 3424 224 3495 Cusus,
239 3433 267 3480 et
280 3421 406 3497 impulse
420 3437 545 3496 praeceps
556 3417 679 3474 immane
693 3415 792 3473 ruinae.

121 3502 204 3564 Quid
219 3501 345 3573 Crassos,
359 3499 425 3574 quid
440 3497 590 3573 Pompeios
603 3495 723 3554 evertitl
745 3505 773 3552 et
787 3495 877 3568 illurn,

123 3583 171 3640 Ad
185 3601 237 3639 sua
249 3581 296 3656 qui
310 3579 430 3637 domitos
445 3576 561 3634 deduxit
574 3574 661 3651 flagra
674 3575 826 3637 Quiritesl

123 3661 259 3718 Summus
273 3677 374 3734 nempe
388 3659 467 3714 locus
481 3655 559 3713 uulld
573 3675 630 3712 non
644 3666 702 3712 arte
716 3655 830 3731 petitus,

125 3739 287 3816 Magnaque
301 3736 464 3795 numinibus
477 3746 540 3792 vota
553 3734 688 3792 exaudita
701 3733 839 3809 malignis.

123 3820 171 3877 Ad
183 3837 317 3896 generum
333 3813 446 3874 Cereris
460 3815 520 3872 sine
535 3814 615 3871 caede
629 3824 658 3870 et
671 3813 786 3870 vulnere
800 3813 884 3890 pauci

124 3897 311 3961 Descendunt
320 3914 411 3973 reges,
426 3905 454 3952 et
465 3892 542 3952 sicea
557 3903 645 3952 morte
658 3891 778 3968 tyranni.
