2628 4430
202 375 243 434 eo
513 335 869 424 ementitumque

147 484 162 516 '
203 511 667 590 erubibetulusnisutqndde
683 511 947 584 reseruassemus

204 595 320 666 Setinis,
334 593 415 669 cujus
425 594 543 670 patriam
557 592 724 667 titulumque
738 603 869 650 senectus

189 673 316 732 Delevit
329 672 417 732 multe
430 671 529 730 veteris
543 671 661 745 fuligine
675 681 770 739 testoe;

201 751 297 816 Quale
312 751 436 810 coronati
451 749 578 808 Thressa
593 749 795 824 Helvidiusque
810 748 944 806 bibebant

201 829 353 888 Brutorum
366 845 395 888 et
409 828 491 888 Cassi
505 829 653 888 natalibus¹
695 827 760 904 Ipse
780 846 899 902 capaces

202 909 356 968 Heliadum
369 920 487 979 crustas,
501 921 531 968 et
543 907 695 984 inequales
709 907 813 980 beryllo

202 988 286 1048 Virro
299 998 376 1046 tenet
389 987 516 1064 phialas:
536 987 587 1046 tibi
602 1005 659 1047 non
673 986 856 1046 committitur
871 1001 988 1052 aurum;

201 1067 266 1139 Vel,
281 1068 304 1126 si
318 1067 430 1144 quando
444 1067 536 1136 detur,
551 1077 646 1124 custos
659 1065 758 1124 affixus
770 1065 885 1136 ibidem,

201 1146 263 1208 Qui
276 1155 406 1204 numeret
419 1163 554 1220 gemmas,
569 1163 734 1221 unguesque
747 1143 875 1202 observet
895 1153 1001 1202 acutos.

201 1225 248 1282 Da
259 1225 386 1284 veniam:
408 1224 543 1300 preclara
555 1222 615 1282 illic
629 1223 758 1280 laudetur
772 1221 865 1297 iaspis.

147 1331 148 1334 ¹
202 1303 280 1362 Nam
293 1303 386 1376 Virro,
400 1315 431 1362 ut
441 1301 532 1374 multi,
546 1321 672 1378 gemmas
681 1302 721 1358 ‘ad
735 1299 982 1376 poculatrauslart

202 1384 229 1440 A
245 1383 351 1460 digitis,
365 1401 434 1457 ques
445 1382 478 1440 in
491 1381 600 1458 vaginae
615 1381 704 1440 fronte
718 1379 825 1438 solebat

201 1461 311 1520 Ponere
327 1461 454 1537 zelotypo
464 1461 576 1536 juvenis
588 1460 720 1536 praelatus
734 1455 831 1516 larbae.

201 1540 251 1598 Tu
265 1541 458 1600 Beneventani
472 1539 573 1597 sutoris
588 1557 691 1596 nomen
705 1538 856 1594 habentem

202 1619 330 1678 Siccsbis
344 1619 462 1676 calicem
476 1637 610 1676 nasorum
621 1629 748 1692 quatuor,
763 1635 797 1674 ao
814 1617 872 1692 jam

200 1699 385 1768 Quassatum,
396 1709 424 1756 et
438 1709 519 1776 rupto
532 1708 694 1772 poscentem
708 1696 813 1754 sulfura
826 1695 904 1754 vitro.

203 1777 409 1836 simmachus
424 1776 530 1836 domini
545 1776 632 1834 servet
645 1775 764 1850 vinoque
778 1775 896 1850 ciboque
910 1794 917 1843 ;

202 1855 342 1932 Frigidior
356 1856 466 1914 Geticis
479 1856 581 1931 petitur
595 1855 714 1912 decocta
727 1853 845 1928 pruinis.

240 1935 308 1994 Non
321 1935 420 2013 eadem
435 1934 512 1992 vobis
526 1933 592 2011 poni
606 1930 689 1990 modb
704 1934 770 1990 vine
782 1932 935 2008 querebar:

202 2013 261 2072 Vos
276 2015 360 2072 aliam
374 2014 475 2090 potatis
489 2032 597 2090 aquam.
639 2012 706 2068 Tibi
721 2012 822 2088 poeula
835 2030 931 2068 cursor

202 2093 330 2151 Getulus
344 2092 422 2150 dabit
437 2103 484 2150 aut
496 2091 570 2168 nigri
584 2111 684 2163 manus
698 2110 778 2148 ossea
792 2089 896 2162 Mauri,

202 2171 240 2230 Et
253 2174 300 2230 cui
313 2191 363 2248 per
377 2172 500 2230 mediam
514 2170 585 2228 nolis
599 2189 747 2228 occurrere
762 2181 884 2240 uectem,
978 2181 983 2194 “

202 2251 323 2308 Clivosae
336 2251 445 2308 veheris
459 2251 528 2307 dum
541 2269 589 2324 per
604 2261 786 2308 monuments
799 2249 915 2306 Latinae.

203 2329 270 2388 Flos
284 2331 361 2388 Asiae
377 2341 441 2388 ante
456 2329 557 2405 ipsum,
571 2329 660 2404 pretio
675 2327 778 2403 majore
792 2339 915 2404 paratus,
997 2327 998 2331 ’

201 2407 301 2470 Quem
316 2409 367 2466 firit
381 2420 409 2466 et
424 2408 503 2466 Tulli
517 2427 619 2464 census
633 2408 780 2482 pugnacis
794 2418 822 2464 et
836 2407 923 2479 Anci,

203 2487 249 2560 Et,
264 2500 342 2546 nete
357 2498 479 2558 teneam,
494 2487 690 2549 Rornanorum
704 2486 800 2544 omnia
813 2504 913 2562 regum¹

203 2567 324 2626 Frivola.
364 2566 453 2627 Quod
467 2585 554 2640 quum
569 2566 608 2622 ite
621 2565 666 2636 sit,
680 2576 711 2624 tu
722 2563 866 2624 Gaetulum
876 2564 1072 2640 Ganymedem

157 2708 160 2714 ,
203 2645 339 2721 Respice,
350 2665 437 2721 quum
452 2645 536 2704 sities.
577 2645 679 2702 Nescit
692 2654 733 2701 tot
746 2643 870 2702 millibus
883 2655 994 2718 emptus
1142 2643 1186 2702 60

203 2724 378 2800 Pauperibus
392 2725 511 2780 miscere
524 2743 610 2798 puer:
632 2723 682 2779 sed
698 2723 795 2794 forma,
810 2722 860 2778 sed
875 2733 943 2778 aetas
981 2773 994 2782 ,

200 2801 300 2880 ¹Digna
313 2802 471 2877 supercilio.
512 2801 638 2862 Quando
652 2801 687 2858 ed
702 2811 729 2856 te
743 2801 869 2875 pervenit
883 2801 949 2857 illel

202 2881 330 2944 Quando
343 2891 459 2938 vocatus
474 2879 554 2938 adest
567 2879 666 2936 calidae
680 2879 835 2954 gelideque
850 2879 999 2936 ministerl

202 2960 318 3036 Quippe
331 2959 494 3034 indignatur
508 2959 594 3016 veteri
608 2977 705 3033 parere
720 2957 826 3029 clienti,

202 3036 348 3114 Qubdque
362 3038 465 3112 aliquid
479 3057 588 3114 poscas,
603 3049 631 3094 et
644 3034 720 3112 qudd
734 3057 764 3094 se
778 3049 868 3094 stante
882 3037 1039 3094 recumbes.
1140 3039 1184 3096 65

204 3115 332 3177 Maxima
344 3135 462 3192 quaeque
476 3116 576 3172 domus
587 3117 674 3173 servis
687 3127 730 3173 est
743 3117 828 3192 plena
840 3115 975 3192 superbis.

243 3196 320 3254 Ecce
336 3197 407 3252 alius
420 3207 524 3270 quanto
537 3195 660 3271 porrexit
673 3214 815 3252 murmure
828 3213 931 3271 panem

204 3276 260 3334 Vix
274 3277 403 3346 fractum,
417 3275 512 3332 solidae
524 3274 582 3349 jem
596 3275 710 3331 mucida
724 3273 810 3332 frusta
824 3275 930 3346 farine,

141 3403 143 3413 ,
203 3353 279 3414 Quae
293 3354 450 3430 genuinum
465 3354 580 3428 agitent,
596 3373 651 3410 non
668 3353 843 3410 admittentia
856 3349 997 3410 morsum!
1100 3365 1107 3374 ·

205 3433 262 3490 Sed
276 3443 366 3504 tener,
380 3443 408 3490 et
421 3433 529 3503 niveus,
543 3431 674 3506 mollique
688 3429 799 3506 siligine
814 3431 904 3488 factus

205 3511 337 3569 Servetur
351 3512 483 3568 domino:
506 3511 631 3568 dextram
646 3510 777 3568 cohibere
791 3522 942 3568 memento.

205 3589 291 3648 Salva
304 3591 340 3648 sit
347 3591 471 3668 artocopi
481 3590 644 3646 reverentie.
686 3588 778 3664 Finge
793 3599 930 3647 tamenta

205 3667 414 3744 Improbulum;
437 3677 562 3743 superest
576 3667 643 3739 illic,
658 3667 705 3742 qui
718 3686 822 3742 ponere
836 3679 927 3744 cogat

205 3747 257 3805 vis
270 3757 301 3804 tu
314 3747 456 3804 consuetis
471 3747 563 3802 audax
577 3747 695 3804 conviva
708 3745 838 3803 canistris

207 3825 331 3901 lrnpleri,
344 3825 479 3900 panisque
493 3825 534 3880 tui
548 3825 658 3881 novisse
672 3821 816 3881 colo'reml

205 3903 323 3964 Scilicet
336 3906 391 3962 hoo
405 3903 503 3976 luerat,
518 3913 629 3980 propter
643 3903 727 3978 quod,
741 3901 816 3979 saepe
831 3903 929 3962 relicti
