2628 4430
507 373 630 423 surturi
649 373 723 424 v111.

116 508 266 586 Gaurana,
279 523 309 570 et
322 513 419 571 Cosmi
433 523 493 572 toto
507 526 651 592 mergatur
664 519 747 574 aduc.

117 589 294 666 Exspectata
307 588 357 650 did
371 591 488 649 taudem
501 593 648 670 provincia
662 612 751 668 quum
766 604 795 652 te

116 668 277 727 Rectorem
291 669 423 745 accipiet,
436 689 510 747 pone
524 671 573 728 irae
588 671 676 728 lraeua
689 672 873 749 modumque,

116 746 196 806 Pone
210 756 241 804 et
255 748 397 817 avaritiae3
418 749 551 806 miserere
565 749 682 826 inopum
696 751 845 808 sociorum.
1102 799 1106 806 .

115 825 194 884 Ossa
207 826 289 884 vides
302 844 403 902 regum
418 827 515 884 vacuis
528 836 646 885 exsucta
659 829 799 886 medullis.
1066 833 1109 894 90

115 903 257 980 Respice,
271 903 340 979 quid
354 913 489 962 moueant
502 905 590 982 leges,
604 906 672 982 quid
686 907 767 964 ouria
780 907 906 981 mandet,
1177 917 1184 922 '

116 981 241 1040 Praemia
254 992 362 1057 quanta
375 983 464 1041 bonos
477 993 622 1055 maneant,
636 981 723 1059 qudm
738 985 857 1044 fulmine
867 987 945 1064 justo

118 1059 155 1119 Et
168 1061 275 1138 Capito
287 1072 318 1119 et
330 1059 466 1119 Numitor
479 1061 598 1134 ruerint,
613 1063 768 1120 damnante
782 1075 893 1138 senatu,

117 1137 222 1196 Piratae
238 1139 372 1198 Cilicum.
415 1139 472 1198 Sed
487 1139 553 1215 quid
569 1141 714 1199 damnatio
727 1142 846 1215 confert,

116 1216 220 1280 Quum
235 1216 330 1276 Pansa
343 1217 452 1294 eripiat,
466 1219 603 1296 quidquid
617 1219 668 1278 tibi
683 1219 772 1278 Natta
786 1220 924 1297 reliquitl
1068 1223 1109 1282 95
1157 1240 1161 1246 ·

117 1293 298 1369 Praeconem,
312 1296 472 1373 Chaerippe,
486 1297 543 1354 tuis
557 1298 746 1375 circumspice
759 1300 872 1376 pannis,

118 1373 242 1449 Jamque
256 1385 329 1432 tace.
369 1373 461 1433 Furor
475 1385 518 1434 est
530 1385 594 1452 post
606 1378 704 1434 omnia
716 1377 835 1454 perdere
849 1379 976 1439 naulum.
1036 1373 1040 1384 ’

118 1452 186 1511 Non
200 1453 279 1510 idem
292 1453 416 1529 gemitus
428 1453 505 1527 olim,
520 1473 613 1531 neque
629 1455 732 1513 vulnus
746 1467 807 1514 erat
819 1477 870 1536 par

118 1531 308 1604 Dumnorum,
323 1531 409 1590 sociis¹
421 1531 586 1590 florentibus
599 1543 629 1591 et
641 1532 726 1593 modd
740 1535 832 1593 victis.

117 1610 210 1670 Plena
223 1611 325 1668 domus
337 1620 408 1667 tunc
421 1611 523 1683 omnis,
538 1621 567 1668 et
581 1612 683 1686 ingens
697 1613 788 1670 stabat
802 1632 921 1672 acervus

117 1687 322 1761 Nummorum,
334 1689 475 1764 Spartana
488 1690 625 1765 chlamys,
636 1689 788 1765 conchylia
801 1691 872 1766 Coa,

118 1767 157 1825 Et
170 1786 239 1824 cum
253 1767 394 1824 Parrhasii
407 1767 513 1824 tabulis
526 1768 671 1844 signisque
685 1767 814 1844 Myronis

116 1845 289 1904 Phidiacum
303 1845 412 1903 vivebat
425 1846 505 1919 ebur,
518 1865 573 1904 nec
588 1865 646 1906 non
660 1847 794 1923 Polycleti

117 1923 231 1982 Multus
244 1923 348 1999 ubique
362 1923 457 1982 labor:
479 1943 549 1982 rarae
563 1924 625 1984 siue
640 1925 771 1984 Mentore
784 1943 900 1986 menate.

117 1999 194 2062 Indd
210 2001 358 2060 Dolabella
371 2013 414 2060 est
424 2013 507 2078 atque
522 2003 590 2060 hinc
603 2005 757 2077 Antonius,
771 2005 839 2063 inde

117 2080 285 2156 Sacrilegus
299 2081 421 2138 Verres:
443 2081 602 2139 referebant
615 2083 736 2140 navibus
750 2081 814 2141 altis

116 2159 244 2218 Occulta
258 2159 355 2236 spolia,
369 2169 398 2216 et
411 2159 505 2236 plures
519 2159 554 2216 de
567 2179 639 2236 pace
653 2161 818 2236 triumphos.

117 2237 210 2296 Nunc
223 2238 307 2296 sociis
317 2238 387 2314 juga
399 2255 490 2314 peuce
504 2237 599 2310 boum,
614 2257 683 2314 grex
695 2257 797 2314 parvus
810 2255 956 2314 equarum,

116 2317 158 2375 Et
170 2327 252 2393 pater
265 2315 384 2374 armenti
397 2327 481 2394 capto
493 2316 628 2392 eripiatur
642 2317 751 2394 agello;

117 2395 179 2472 Ipsi
193 2394 297 2452 deiude
311 2394 408 2467 Lares,
422 2395 446 2452 si
459 2395 534 2470 quod
548 2395 701 2472 spectabile
714 2395 838 2471 signum,

117 2473 230 2550 Siquis
244 2473 274 2531 iu
288 2473 409 2530 ediculd
422 2473 494 2530 deus
507 2473 619 2530 unicus.
661 2473 735 2530 Haec
749 2474 856 2531 etenim
869 2481 937 2531 sunt

84 2618 87 2630 Ι
119 2553 177 2611 Pro
191 2552 326 2609 summis:
348 2569 415 2608 nam
429 2560 496 2606 sunt
509 2551 571 2607 haec
585 2549 718 2607 maxima.
759 2549 908 2626 Despicias
920 2559 952 2608 tu

119 2631 253 2691 Forsitan
266 2629 394 2688 imbelles
408 2627 548 2700 Rhodios,
563 2639 734 2704 unctamque
746 2627 923 2686 Corinthon:

118 2709 270 2787 Despicias
283 2704 393 2766 meritd.
432 2705 515 2769 Quid
529 2707 652 2765 resinata
662 2707 806 2784 juventus,

118 2789 267 2864 cruraque
279 2788 365 2846 totius
379 2787 484 2845 facient
498 2786 549 2844 tibi
562 2786 635 2844 levia
649 2787 765 2864 gentisl

118 2867 247 2927 Horrida
260 2865 374 2924 vitanda
387 2875 431 2924 est
445 2863 595 2942 Hispania,
609 2867 738 2924 Gallicus
751 2865 822 2940 axis,

118 2946 323 3023 Illyricumque
336 2945 428 3004 lutus:
449 2963 534 3021 parce
544 2956 574 3002 et
587 2945 758 3003 messoribus
772 2945 838 3018 illis,

117 3026 183 3090 Qui
196 3033 324 3083 saturant
336 3024 445 3094 urbem,
459 3023 546 3081 Circo
559 3042 708 3098 soeuaeque
722 3035 880 3081 vacantem.

118 3105 241 3167 Quanta
251 3112 345 3160 sutem
359 3101 426 3159 iude
441 3099 514 3157 feres
526 3111 585 3156 taur
599 3101 668 3156 dirae
682 3102 798 3173 praemia
808 3100 910 3175 culpe,

119 3183 223 3248 Quum
236 3193 336 3240 tenues
349 3199 439 3256 nuper
454 3175 564 3234 Marius
577 3175 743 3233 discinxerit
756 3177 863 3234 Afrosl
1051 3175 1108 3238 lto

119 3261 290 3320 Curandum
303 3259 333 3317 in
346 3258 454 3335 primis,
468 3275 505 3313 ne
519 3273 623 3332 magna
636 3253 739 3329 injuria
751 3253 802 3311 liat

120 3340 255 3399 Fortibus
268 3348 297 3396 et
309 3335 427 3396 miseris.
469 3333 568 3392 Tollas
581 3329 651 3392 licet
664 3351 759 3406 omne,
772 3331 847 3408 quod
861 3349 981 3408 usquam
994 3343 1039 3391 est

120 3419 196 3477 Auri
210 3428 293 3492 atque
307 3415 436 3492 argeuti3
458 3423 570 3471 scutum
585 3411 766 3488 gladiumque
780 3410 932 3487 relinques,

120 3497 161 3556 Et
171 3495 267 3573 jacula
279 3506 308 3552 et
320 3493 449 3570 galeam:
470 3491 595 3570 spoliatis
608 3507 688 3547 arma
700 3499 859 3567 supersunt
972 3491 976 3498 '

120 3575 211 3639 Quod
225 3570 310 3632 modd
324 3570 465 3648 proposui,
479 3590 536 3628 non
550 3580 594 3628 est
607 3569 764 3626 sententia:
785 3567 885 3627 verum
1052 3567 1108 3627 125

121 3653 249 3725 Credite,
262 3669 309 3708 me
323 3649 401 3706 robis
415 3648 512 3707 solium
526 3649 645 3706 recitare
657 3647 781 3722 Sibyllae.

62 3781 68 3788 .
124 3733 158 3790 Si
171 3732 223 3790 tibi
237 3740 337 3788 sancta
349 3727 450 3785 cohors
463 3728 611 3800 comitum,
626 3725 650 3783 si
663 3745 749 3784 nemo
762 3723 886 3784 tribunal

123 3809 234 3869 Vendit
246 3809 463 3880 Acerseoomes,
478 3805 501 3864 si
515 3807 625 3864 nullum
640 3805 669 3862 in
683 3804 805 3881 conjuge
819 3803 939 3879 crimen,

125 3888 191 3948 Nec
203 3907 253 3966 per
267 3895 426 3946 conventus
439 3895 468 3942 et
481 3895 587 3944 cuncta
600 3903 649 3962 per
660 3883 765 3960 oppida
777 3883 871 3942 curvis
