2628 4430
210 361 247 420 18
519 359 551 410 D.
567 357 666 408 JUNll
682 357 878 409 JUVENALIS

205 499 271 560 Nec
284 502 382 560 melior
396 501 483 573 vultu,
497 503 625 578 quamvis
638 501 779 578 ignobilis,
794 503 853 560 ibat

205 580 343 654 Rubrius,
357 582 472 640 offensae
486 582 587 639 veteris
600 601 665 639 reus
678 593 762 656 atque
776 583 915 655 tacende,

205 659 243 717 Et
255 671 350 718 nmen
364 661 515 736 improbior
530 661 645 718 satiram
659 661 800 718 scribente
814 662 932 720 cinado.
1143 659 1202 719 105

205 737 336 798 Montani
349 759 459 816 quoque
474 751 571 798 venter
585 741 665 798 adest
675 741 826 798 abdomine
839 741 937 798 tardus
945 761 953 811 ;

204 817 243 876 Et
256 821 395 878 matutino
408 821 514 878 sudans
527 820 679 895 Crispinus
694 837 814 891 amomo,

203 895 356 958 Quantum
370 899 415 955 vix
428 899 557 956 redolent
570 899 627 956 duo
641 897 757 966 lunera;
780 899 878 956 sevior
891 899 941 958 illo

203 974 356 1052 Pompeius
370 979 449 1035 tenui
460 979 573 1054 jugulos
587 977 696 1052 aperire
709 993 842 1047 susurro;

204 1053 251 1127 Et,
264 1057 312 1132 qui
327 1056 483 1114 vulturibus
496 1057 623 1114 servabat
637 1058 745 1114 viscera
758 1057 855 1129 Dacis,

204 1131 325 1206 Fuscus,
339 1136 499 1194 marmorea
515 1137 667 1194 meditatus
680 1131 867 1212 prcelia'villd,

203 1213 322 1274 Etcum
336 1215 479 1272 mortifero
492 1217 617 1291 prudens
631 1215 755 1274 Veiento
770 1216 891 1289 Catullo,

202 1292 264 1354 Qui
278 1313 422 1370 nunquam
438 1293 502 1352 visis
516 1293 651 1371 flagrabat
664 1313 758 1353 amore
772 1295 880 1371 puellae,

203 1372 320 1432 Grande
334 1387 363 1433 et
377 1374 565 1451 conspicuum
579 1387 674 1431 nostro
687 1393 800 1450 quoque
814 1387 939 1452 tempore
953 1387 1115 1434 monstrum
1127 1377 1138 1422 l

203 1451 456 1525 Caecusadulatcr,
471 1454 603 1529 dirusque
617 1473 634 1510 a
648 1465 733 1529 ponte
746 1455 867 1526 satelles,
1138 1457 1199 1514 115
1302 1469 1303 1476 ’

203 1531 316 1609 Dignus
330 1533 464 1594 Aricinos
477 1533 525 1608 qui
539 1533 715 1590 mendicaret
728 1534 764 1590 ad
778 1553 855 1606 axes,
1059 1549 1065 1558 ·

203 1611 369 1688 Blandaque
383 1614 499 1670 devexae
511 1614 630 1689 jactaret
643 1613 721 1670 basia
734 1614 838 1670 rhedae.

203 1691 298 1750 Nemo
311 1689 403 1768 magis
417 1693 566 1750 rhombum
580 1693 704 1768 stupuit:
727 1709 793 1750 nam
807 1693 927 1768 plurima
940 1693 1013 1751 dixit

203 1769 239 1828 ln
255 1771 354 1828 laevam
369 1791 539 1840 conversus3
562 1772 644 1829 atilli
659 1772 757 1829 dextra
767 1771 881 1847 jacebat

203 1849 323 1908 Bellua:
344 1851 386 1908 sic
399 1869 509 1926 pugnas
523 1850 623 1907 Cilicis
636 1851 779 1922 laudabat,
791 1863 822 1908 et
835 1851 918 1923 ictus,
1136 1851 1196 1911 120

203 1928 241 1987 Et
255 1948 366 2005 pegma,
379 1942 408 1986 et
421 1949 522 2005 pueros
537 1930 602 1986 inde
617 1931 652 1986 ad
666 1929 771 1986 velaria
783 1941 884 2005 raptos.

202 2008 270 2067 Non
284 2009 360 2066 cedit
374 2009 514 2067 Veiento:
535 2010 595 2080 sed,
610 2021 642 2066 ut
656 2009 804 2081 fanaticus,
818 2021 903 2068 oestro

203 2087 367 2168 Percussus,
382 2089 509 2160 Bellona,
524 2101 573 2145 tuo
586 2089 702 2160 divinat,
716 2099 754 2160 et,
766 2088 873 2164 Ingens

202 2165 298 2226 Omen
313 2169 409 2239 habes,
424 2169 523 2244 inquit,
537 2167 634 2244 magni
647 2169 772 2243 clarique
786 2167 935 2245 triumphi:

202 2247 315 2324 Regem
324 2248 451 2322 aliquem
464 2248 568 2325 capies,
583 2259 632 2304 aut
645 2249 681 2304 de
695 2259 808 2305 temone
822 2248 958 2307 Britanno
977 2253 983 2262 ”
1133 2250 1192 2310 125

202 2325 324 2384 Excidet
338 2327 512 2403 Aruiragus:
533 2328 682 2402 peregrina
695 2337 739 2384 est
753 2327 862 2384 bellua:
883 2328 977 2384 cernis

202 2405 321 2464 Erectus
334 2406 365 2464 in
378 2417 458 2482 terga
471 2406 578 2463 sudesl
619 2406 685 2463 Hoc
698 2405 788 2463 defuit
801 2425 891 2464 unum

202 2485 344 2558 Fabricio,
357 2487 476 2562 patriam
490 2495 521 2543 ut
534 2486 644 2542 rhombi
658 2498 835 2558 memoraret,
849 2497 878 2543 et
890 2504 988 2544 annos.

200 2563 351 2627 Quidnam
365 2567 451 2641 igitur
465 2585 566 2622 censes
578 2565 587 2620 l
609 2565 791 2623 conciditurl
833 2565 919 2622 Absit
932 2565 968 2623 ab
981 2565 1029 2624 illo
1046 2585 1049 2598 ⁴

202 2643 336 2702 Dedecus
350 2646 413 2716 hoc,
429 2644 583 2702 Montanus
597 2644 651 2701 ait:
673 2656 745 2702 testa
758 2645 814 2702 alta
827 2656 949 2720 paretur,
1095 2655 1097 2675 ¹
1131 2647 1191 2705 130

201 2721 278 2786 Quae
292 2725 372 2782 tenui
386 2743 467 2782 muro
481 2725 634 2799 spatiosum
648 2725 763 2799 colligat
775 2723 881 2781 orbern.

202 2801 329 2862 Debetur
342 2821 463 2880 magnus
476 2803 580 2878 patine
595 2803 759 2876 subitusque
773 2801 967 2859 Prometheus.

203 2882 342 2959 Argillam
356 2893 440 2957 atque
454 2894 542 2940 rotam
557 2877 643 2938 citibs
655 2891 818 2956 properate3
841 2883 890 2938 sed
904 2901 940 2940 ex
953 2881 1008 2940 hoc

202 2959 346 3039 Tempore
357 2961 426 3037 jam,
440 2961 546 3034 Cesar,
560 2961 638 3037 figuli
652 2972 701 3017 tua
714 2971 806 3017 castra
819 2971 979 3036 sequantur.

201 3041 280 3100 Vicit
293 3042 379 3118 digna
392 3043 450 3098 viro
464 3043 612 3098 sententia.
653 3039 778 3098 Noverat
791 3039 838 3098 ille
1128 3043 1187 3100 135

202 3121 356 3180 Luxuriam
370 3121 479 3197 imperii
493 3131 625 3192 veterem,
640 3131 792 3194 noctesque
806 3117 930 3178 Neronis

201 3199 268 3258 Jam
281 3201 399 3271 medias,
413 3199 552 3275 aliamque
567 3201 680 3270 famem,
691 3217 778 3275 quum
792 3199 889 3274 pulmo
902 3198 1026 3258 Falerno

202 3279 332 3337 Arderet.
374 3279 456 3336 Nulli
470 3280 558 3356 major
571 3280 623 3336 fuit
637 3299 705 3336 usus
718 3279 822 3336 edendi

202 3355 384 3436 Tempestate
399 3359 472 3416 med.
513 3359 623 3416 Circeis
636 3369 704 3415 nata
717 3358 817 3429 forent,
831 3375 868 3414 an

202 3435 359 3495 Lucrinum
374 3439 410 3496 ad
430 3437 544 3510 saxum,
554 3437 737 3511 Rutupinove
750 3437 826 3494 edita
840 3436 928 3494 flando
1126 3437 1184 3496 140

202 3515 314 3589 Ostrea,
328 3517 450 3576 callebat
462 3518 552 3593 primo
566 3515 741 3592 deprendere
756 3533 867 3586 morsu;
1158 3533 1160 3536 ·

203 3595 241 3653 Et
254 3597 341 3653 semel
355 3597 482 3674 adspecti
493 3597 570 3654 littus
584 3596 698 3653 dicebat
710 3595 815 3653 echini.

204 3674 344 3751 Surgitur,
355 3693 384 3734 et
397 3677 482 3733 misso
495 3695 625 3752 proceres
638 3675 715 3733 exire
734 3675 868 3750 jubentur

203 3753 339 3832 Consilio,
353 3774 424 3829 quos
438 3755 579 3812 Albanam
593 3755 651 3812 dux
665 3773 786 3830 magnus
799 3754 829 3811 in
845 3773 940 3814 arcem

204 3831 344 3892 Traxerat
358 3835 499 3906 attonitos,
514 3845 542 3891 et
556 3834 688 3892 festinare
701 3843 825 3906 coactos,
1125 3835 1180 3894 145

204 3911 355 3990 Tanquam
369 3913 405 3971 de
418 3913 511 3972 Cattis
524 3911 629 3989 aliquid
642 3913 782 3989 torvisque
796 3913 962 3990 Sygambris

435 4075 439 4110 l
