2628 4430
517 323 645 434 sarraa'
659 371 704 422 w.
1072 377 1110 436 15

118 514 229 574 Dicere
243 516 266 572 si
280 525 372 574 tentes
385 516 501 590 aliquid,
515 517 652 574 tacitusve
667 517 793 588 recedas,

119 595 312 654 Tantundem
324 605 384 665 est;
407 595 511 652 feriunt
523 595 626 671 pariter
639 615 645 652 :
667 597 826 654 vadimonia
839 595 944 655 deinde
1049 597 1110 656 280

118 674 191 732 Irati
207 675 323 732 faciunt.
365 674 493 735 Libertas
506 676 637 751 pauperis
651 676 712 732 haec
725 689 786 732 est:

119 754 259 812 Pulsatus
271 764 358 830 rogat,
373 765 402 810 et
416 755 518 830 pugnis
534 755 666 812 concisus
679 755 786 826 adorat,

118 833 162 891 Ut
175 833 264 890 liceat
277 833 375 910 paucis
390 852 456 892 eum
470 833 604 891 dentibus
621 835 688 892 inde
701 834 811 892 reverti.

163 912 231 970 Nec
244 924 337 970 tamen
352 914 414 969 haec
427 911 537 972 tantum
552 923 680 970 metuas:
703 933 778 984 nam,
792 913 840 988 qui
854 914 953 990 spoliet
963 926 1002 988 te,

122 991 191 1050 Non
207 993 306 1064 deerit,
321 991 424 1049 danais
438 993 577 1064 domibus,
591 1004 738 1068 postquam
752 993 844 1052 omnis
859 994 961 1070 ubique
1049 993 1110 1054 285

122 1071 196 1130 Fixa
210 1084 347 1129 catenate
361 1071 437 1128 siluit
451 1091 588 1148 compago
601 1073 734 1130 tabernae.

121 1150 274 1208 Interdum
288 1162 316 1208 et
329 1149 403 1208 ferro
415 1151 524 1208 subitus
538 1163 677 1226 grassator
692 1153 750 1228 agit
763 1171 834 1223 rem,

121 1231 246 1288 Armato
258 1231 367 1306 quoties
381 1241 449 1288 tutte
463 1231 580 1288 custode
594 1242 726 1288 tenentur

122 1309 163 1368 Et
177 1311 309 1368 Pomtina
321 1309 402 1386 palus
415 1321 444 1366 et
457 1309 611 1368 Gailinaria
625 1311 715 1386 pinus.
992 1363 993 1370 ,

123 1389 174 1446 Sic
188 1389 256 1446 inde
267 1391 326 1446 *huc
339 1407 447 1460 ornnes,
462 1401 595 1463 tanquam
610 1391 645 1446 ad
660 1390 771 1462 vivaria,
786 1401 911 1450 currunt.
1050 1391 1111 1452 290

121 1469 320 1530 Qudfornace
335 1487 442 1544 graves,
456 1469 512 1543 qud
526 1488 583 1526 non
598 1469 701 1526 incude
717 1471 845 1528 catenaei

122 1547 269 1606 Maximus
281 1549 311 1605 in
325 1547 424 1606 vinclis
439 1548 503 1604 ferri
516 1549 626 1620 moduS,
641 1561 672 1606 ut
685 1549 793 1620 timeas,
808 1567 845 1607 ne

122 1627 230 1686 Vomer
244 1627 366 1698 deficiat,
381 1646 418 1684 ne
433 1646 531 1684 marrae
545 1640 573 1684 et
587 1629 698 1686 sarcula
712 1629 813 1684 desint.

127 1705 240 1764 Felices
253 1725 419 1782 proavorum
435 1719 538 1778 atavos,
553 1707 645 1764 selicia
659 1707 737 1764 dicas

124 1787 246 1858 Secula,
261 1805 324 1861 quae
338 1787 481 1862 quondam
495 1787 548 1844 sub
561 1786 674 1862 regibus
688 1797 770 1862 atque
785 1787 906 1846 tribunis
1050 1787 1111 1848 295

122 1867 266 1923 Viderunt
278 1885 336 1923 uno
349 1875 511 1923 contentam
525 1885 639 1924 carcere
654 1865 786 1924 Romam.
820 1911 822 1916 .

163 1945 219 2002 His
233 1945 303 2002 alias
316 1956 441 2021 poteram
456 1957 484 2002 et
497 1945 591 2022 plures
604 1946 771 2003 subnectere
786 1965 886 2003 causas
899 1965 905 2003 :

124 2025 183 2082 Sed
194 2025 324 2101 jumenta
337 2036 447 2097 vocant,
461 2035 489 2081 et
503 2025 543 2081 sol
558 2025 694 2082 inclinat:
716 2027 842 2084 eundum
858 2037 916 2096 est;

123 2104 201 2162 Nam
215 2105 286 2162 mihi
300 2104 441 2162 commota
453 2103 620 2179 jamdudum
635 2105 722 2162 mulio
735 2105 813 2181 virga

124 2183 245 2241 Annuit.
287 2181 363 2258 Ergd
378 2183 438 2240 vale
454 2184 540 2240 nostri
555 2202 671 2254 memor,
685 2195 722 2256 et,
737 2184 845 2258 quoties
857 2195 884 2241 te
1050 2183 1111 2242 300

124 2263 220 2321 Roma
233 2274 282 2320 tuo
295 2262 373 2320 refici
387 2273 582 2338 properantem
596 2263 696 2320 reddet
710 2263 834 2336 Aquino,

126 2341 174 2400 Me
188 2361 299 2417 quoqne
314 2341 349 2398 ad
364 2341 514 2398 Helvinam
531 2342 665 2400 Cererem
680 2355 854 2417 vestramque
868 2341 992 2400 Dianam

125 2421 260 2480 Convelle
274 2441 292 2478 a
304 2420 412 2490 Cumis.
455 2422 610 2478 Satirarum
625 2441 688 2497 ego,
703 2421 733 2478 ni
746 2421 833 2498 pudet
847 2421 918 2494 illas,

129 2501 246 2578 Adjutor
260 2500 372 2577 gelidos
385 2500 496 2558 veniam
510 2501 647 2587 caligatus
661 2501 690 2556 in
705 2519 794 2576 agros.

729 2681 767 2690 .-

464 2725 475 2743 !
499 2779 656 2838 SATIRA
677 2779 728 2838 IV.

163 2904 247 2962 Ecca
261 2903 363 2962 iterum
378 2901 541 2978 Crispinus!
564 2913 592 2959 et
606 2914 649 2959 est
662 2902 732 2960 mihi
746 2899 821 2978 saepe
836 2903 980 2962 vocandus

125 2985 171 3042 Ad
187 2995 291 3060 partes,
306 2993 461 3038 monstrum
476 2982 555 3038 nullia
570 2981 670 3038 virtute
684 2983 861 3058 redemptum

123 3064 152 3120 A
167 3063 252 3134 vitiis,
267 3081 351 3138 aeger,
365 3061 479 3136 solaque
492 3060 609 3118 libidine
624 3060 752 3117 fortis.—

123 3142 204 3204 Quid
219 3142 305 3199 refert
318 3140 412 3217 igitur,
426 3139 538 3214 quantis
549 3139 678 3213 jumenta
692 3139 789 3212 fatiget

124 3221 305 3280 Porticibusi
326 3220 431 3294 quanta
445 3235 593 3274 nemorum
607 3226 731 3272 vectetur
745 3217 775 3272 in
789 3217 909 3275 umbrat
1091 3219 1112 3278 5

124 3300 143 3358 J
145 3321 231 3378 ugera
244 3311 312 3376 quot
322 3300 415 3356 vicina
428 3298 496 3368 soro,
511 3315 580 3371 quas
594 3294 693 3352 emerit
707 3295 801 3352 aedesi

123 3380 220 3438 Nemo
233 3380 324 3437 malus
338 3379 421 3448 felix3
444 3373 561 3434 minime
577 3385 731 3450 corruptor,
743 3385 771 3432 et
785 3375 861 3432 idem

123 3459 267 3532 Incestus,
282 3477 349 3516 cum
362 3477 418 3533 quo
432 3477 522 3532 nuper
536 3455 634 3512 vittata
645 3455 767 3530 jacebat,

125 3539 274 3615 Sanguine
289 3537 384 3596 adhuc
397 3537 458 3594 vivo
473 3547 576 3593 terram
590 3535 725 3606 subitura,
741 3535 880 3592 sacerdos.

124 3617 183 3676 Sed
198 3635 277 3676 nunc
291 3619 326 3674 de
341 3617 422 3674 factis
435 3614 605 3673 levioribus:
628 3626 656 3671 et
669 3626 765 3672 tamen
779 3615 848 3671 alter

125 3697 157 3756 Si
171 3698 286 3756 fecisset
300 3697 385 3766 idem,
400 3695 515 3753 caderet
529 3694 581 3750 sub
593 3693 688 3770 judice
703 3713 820 3752 morum.

124 3777 203 3836 Nam
216 3777 292 3852 quod
306 3787 387 3850 turpe
401 3775 492 3846 bonis,
506 3773 586 3832 Titio
602 3774 734 3849 Seioque,
749 3775 868 3832 decebat

124 3857 297 3933 Crispinum.
338 3855 419 3916 Quid
434 3873 511 3930 agas,
526 3872 612 3928 quum
627 3855 688 3910 dira
702 3866 730 3911 et
744 3854 842 3912 soedior
856 3853 933 3913 omni

124 3937 252 3996 Crimine
265 3954 385 4012 persona
398 3935 462 3994 esti
503 3933 625 3990 Mullum
639 3953 688 3992 sex
701 3933 824 3992 millibus
837 3935 914 4008 emit,
