2646 4416
494 380 617 430 SATIRA
634 379 708 430 XIV.

101 524 233 582 Sorbere
247 536 314 584 ante
328 523 423 582 cibum
436 524 510 598 quod
523 523 624 582 debeat
635 535 665 582 et
676 534 755 600 pater
767 533 797 582 et
807 541 866 582 rex.

102 603 241 661 Monstro
257 603 426 678 voluptatem
440 602 593 678 egregiam,
607 603 654 660 cui
669 603 747 662 nulla
760 604 881 677 theatra,

101 681 199 740 Nulla
214 700 325 756 aequare
338 701 425 756 queas
438 681 566 738 Praetoria
580 682 686 758 pulpita
698 683 777 754 lauti,

22 813 23 840 Ξ
103 761 137 818 si
154 771 279 836 spectes,
290 771 395 836 quanto
409 761 507 836 capitis
520 761 682 822 discrimine
695 772 824 820 constent

22 845 23 848 ’
103 840 295 900 Incrementa
309 839 419 912 domds,
434 840 519 898 aerata
532 839 635 896 multus
648 840 679 898 in
694 839 760 916 arod

104 919 223 991 Fiscus
238 930 267 976 et
280 919 315 976 ad
330 918 443 995 vigilem
456 919 580 994 ponendi
594 919 711 978 Castora
725 919 844 991 nummi,

104 998 151 1056 Ex
165 1017 227 1074 quo
239 995 318 1055 Mars
331 999 402 1056 ultor
412 999 521 1075 galeam
535 1016 645 1072 quoque
654 997 788 1074 perdidit,
802 1010 831 1056 et
843 1003 889 1056 res

105 1077 175 1136 Non
191 1077 284 1154 potuit
298 1095 406 1135 servare
419 1097 491 1136 suas.
520 1075 715 1152 ,Ergbomnia
728 1075 819 1134 Floras

107 1158 142 1214 ut
157 1155 277 1214 Cereris
289 1156 357 1214 licet
368 1167 398 1216 et
407 1157 532 1231 Cybeles
545 1156 636 1213 aulana
649 1156 807 1232 relinquas:

111 1237 208 1297 Tanto
223 1235 344 1311 majores
357 1237 481 1295 humana
494 1235 607 1311 negotia
620 1235 687 1294 ludi.

145 1318 198 1374 An
213 1312 305 1390 magis
317 1315 599 1386 oblectantanimum
611 1314 717 1390 jactata
726 1325 842 1390 petauro

106 1395 245 1471 Corpora,
259 1394 362 1468 quique
376 1395 445 1452 solet
458 1403 565 1452 rectum
579 1389 751 1466 descendere
765 1393 870 1467 funem,

106 1473 208 1536 Quam
222 1483 264 1545 tu,
280 1472 401 1548 Coryciis
415 1491 524 1548 semper
537 1473 585 1548 qui
597 1492 689 1548 puppe
702 1474 818 1532 moraris

110 1554 207 1628 Atque
221 1553 342 1623 habitas,
357 1552 431 1610 Coro
444 1569 554 1628 semper
567 1552 707 1608 tollendus
719 1563 748 1610 et
761 1553 877 1626 Austro,

113 1631 242 1691 Perditus
255 1649 290 1688 ac
303 1631 365 1688 vilis
375 1631 451 1688 sacci
464 1642 600 1688 mercator
613 1631 714 1688 olentis
719 1649 727 1699 ;

114 1709 178 1770 Qui
190 1711 295 1786 gaudes
308 1709 414 1786 pingue
428 1709 548 1784 antique
563 1711 598 1766 de
614 1710 705 1768 littore
720 1710 812 1768 Cretae

113 1789 231 1846 Passum
243 1799 273 1846 et
287 1788 444 1864 municipes
457 1788 535 1846 lovis
549 1787 693 1846 advexisse
706 1788 843 1865 lagenasl

112 1867 171 1926 Hic
184 1878 280 1926 tamen
295 1868 410 1943 ancipiti
425 1868 514 1944 figens
528 1867 644 1944 vestigia
656 1868 752 1944 plantis

112 1947 229 2006 Victum
244 1947 294 2004 illd
307 1949 437 2004 mercede
450 1959 538 2023 parat,
553 1948 734 2022 brumamque
748 1946 907 2026 seruamque

115 2025 162 2086 lut
175 2037 254 2084 reste
269 2038 364 2082 cavet:
385 2037 415 2083 tu
429 2038 539 2102 propter
553 2027 629 2084 mille
643 2027 747 2085 talenta

117 2104 147 2164 Et
159 2117 280 2163 centum
294 2105 371 2161 villas
385 2106 556 2164 temerarius.
598 2106 723 2180 Adspice
736 2117 832 2180 portus
1031 2108 1091 2165 275

118 2184 278 2262 lltplenum
292 2185 402 2260 maguis
415 2185 540 2241 trabibus
553 2202 645 2251 mare3
667 2184 729 2257 plus
743 2185 888 2242 bominum
901 2193 944 2242 est
954 2184 1013 2261 jam

116 2263 145 2322 ln
157 2265 280 2340 pelago:
302 2263 394 2320 veniet
408 2263 514 2334 classis
528 2259 697 2337 quocunque
711 2263 817 2322 vocdrit
877 2317 883 2337 ,

114 2343 181 2420 Spes
194 2343 279 2413 lucri,
294 2360 348 2398 nec
362 2341 545 2418 Carpathium
559 2340 725 2415 Gaetulaque
738 2338 848 2398 tantum

116 2423 237 2498 diquora
251 2421 412 2492 transsiliet,
426 2421 485 2491 sed,
500 2417 584 2496 longe
599 2420 687 2495 Calpe
702 2419 811 2492 relicti,

121 2501 219 2558 Audiet
232 2499 376 2557 Herculeo
390 2501 552 2556 stridentem
567 2499 676 2574 gurgite
690 2498 785 2556 solem.

123 2579 225 2637 Grande
239 2597 333 2654 operae
348 2579 467 2653 pretium
482 2588 532 2648 est,
548 2588 579 2649 ut
592 2589 671 2634 tenso
685 2577 750 2634 folle
763 2577 864 2636 reverti

124 2655 186 2716 Inde
198 2659 315 2716 domum
329 2657 427 2732 possis
441 2657 603 2730 tumidaque
617 2656 754 2731 superbus
768 2656 854 2729 aluid,

124 2733 221 2796 Oceani
238 2747 362 2806 monstra
375 2746 404 2794 et
414 2735 532 2812 juvenes
546 2735 647 2794 vidisse
662 2736 792 2794 marinos.

120 2814 178 2874 Non
192 2835 267 2874 unus
281 2827 390 2872 mentes
404 2815 490 2890 agitat
503 2816 585 2874 furor.
627 2813 679 2874 Ille
692 2816 793 2874 sororia

116 2893 146 2952 ln
160 2896 294 2953 manibus
308 2895 385 2952 vultu
400 2893 590 2952 Eumenidum
604 2905 723 2952 torretur
738 2906 766 2952 et
779 2895 857 2972 igni:

113 2973 168 3032 Hic
183 2975 255 3032 bove
270 2992 405 3049 percusso
419 2973 528 3048 mugire
543 2975 760 3048 Agamemnona
773 2976 864 3034 credit

113 3055 171 3111 Aut
185 3053 327 3112 Ithacum.
368 3053 469 3110 Parcet
482 3052 585 3110 tunicis
598 3049 667 3108 licdt
680 3063 763 3125 atque
776 3053 907 3124 lacernis,

113 3133 259 3190 Curatoris
274 3141 348 3206 eget,
362 3131 410 3206 qui
425 3149 523 3186 navem
539 3129 680 3186 mercibus
695 3129 791 3202 implet

113 3213 159 3270 Ad
172 3229 317 3286 summum
330 3210 413 3281 latus,
425 3221 454 3266 et
467 3207 563 3266 tabuld
577 3207 756 3282 distinguitur
770 3207 864 3275 uudd;

111 3290 213 3352 Quum
227 3289 264 3348 sit
277 3308 362 3346 causa
376 3289 440 3346 mali
455 3286 537 3358 tanti,
553 3297 581 3342 et
594 3283 766 3342 discriminis
780 3285 878 3360 hujus,¹

113 3369 270 3427 Concisum
285 3379 432 3444 argentum
447 3367 476 3424 iu
490 3366 585 3423 titulos
597 3364 738 3439 faciesque
752 3363 884 3424 minutas.

112 3447 277 3506 Occurrunt
290 3447 380 3524 nubes
393 3459 421 3507 et
435 3446 553 3522 fulgura.
596 3443 700 3502 Solvite
714 3444 820 3516 funem,

113 3527 263 3584 Frumenti
278 3526 408 3583 domiuus
422 3526 524 3582 clamat
537 3523 693 3600 piperisque
708 3523 849 3600 coempti;

113 3605 163 3664 Nil
178 3603 254 3664 color
269 3605 316 3662 bic
330 3604 404 3675 coeli,
418 3605 456 3662 uil
472 3603 558 3662 fascia
572 3603 652 3678 nigra
666 3603 807 3674 minatur3

115 3685 256 3743 AEstivum
270 3695 355 3742 tonat.
397 3682 498 3740 Infelix
512 3683 567 3740 bdc
581 3681 694 3740 forsitan
709 3682 770 3756 ipsit

22 3831 23 3840 χ
115 3762 209 3822 Nocte
223 3764 305 3820 cadet
319 3762 414 3823 fractis
427 3763 560 3834 trabibus,
574 3760 716 3835 fluctuque
730 3771 873 3835 premetur

22 3847 23 3904 Ξ
116 3841 254 3914 Obrutus,
266 3853 295 3900 et
309 3861 410 3900 zonam
424 3841 498 3911 laevfa¹
507 3859 655 3914 morsuque
669 3839 784 3898 tenebit.

116 3921 173 3979 Sed
187 3921 268 3998 cujus
281 3923 350 3981 rotis
363 3917 446 3980 modb
461 3939 517 3982 non
532 3919 680 3978 suffecerat
694 3937 801 3991 aurum,
