2628 4430
133 461 139 480 ἱ
183 388 205 449 ⁴
498 386 531 434 n.
548 385 645 435 suun
662 366 880 436 Juvsunnrs'

182 527 372 590 Quadrantes
381 527 484 586 lectica
497 529 576 604 petit,
591 529 771 602 sequiturque
786 526 918 584 maritum

183 605 343 682 Languida,
360 605 400 662 vel
416 627 575 684 pregnans,
589 618 618 664 et
631 605 854 664 circumducitur
868 624 947 663 uxor.

184 685 244 742 Hic
257 685 326 760 petit
340 685 460 756 absenti,
475 686 543 744 notri
554 685 613 760 jam
623 686 742 742 callidus
756 695 825 755 arte,

184 762 349 820 Ostendens
364 783 481 820 vacuam
495 775 525 822 et
538 765 663 820 clausam
678 783 727 838 pro
741 763 825 837 conju
875 761 984 820 sellam.

184 841 267 900 Galla
281 859 344 897 mea
357 851 409 912 est,
424 841 523 916 inquit.
565 841 659 899 Citius
673 841 790 898 dimitte.
827 781 977 898 idornist

185 919 294 990 Profer,
308 920 402 990 Galla,
417 932 510 995 caput.
551 915 620 977 Noli
634 939 750 986 vexare;
772 919 902 992 quiescit.
959 956 963 965 =
998 958 1002 968 ι

226 997 290 1072 Ipse
305 999 366 1054 dies
379 998 497 1074 pulchro
511 999 694 1074 distinguitur
707 997 806 1054 ordine
821 1015 936 1054 rerum:

186 1075 328 1151 Sportula,
344 1077 448 1134 deinde
463 1077 564 1147 forum,
577 1077 703 1152 jurisque
717 1076 823 1151 peritus
839 1075 952 1151 Apollo,

186 1155 281 1229 Atque
296 1155 489 1232 triumphales,
505 1156 577 1228 iuter
591 1175 661 1230 quas
675 1173 760 1212 ausus
775 1154 879 1210 habere

186 1231 295 1290 Nescio
307 1234 369 1308 quis
382 1233 477 1306 titulos
492 1233 643 1310 AEgyptius
657 1245 741 1308 atque
755 1232 985 1288 Arabarches-

186 1310 342 1368 Vestibulis
356 1313 461 1368 abeunt
475 1324 583 1368 veteres
596 1312 716 1386 lassique
731 1311 859 1381 clientes,
1034 1381 1037 1393 Ι

187 1389 316 1464 Votaque
331 1391 484 1465 deponunt,
498 1408 658 1466 quanquam
672 1389 836 1464 longissima
849 1407 939 1464 coenae

188 1468 260 1544 Spes
274 1469 389 1526 homini.
431 1468 536 1525 Caules
550 1469 660 1526 miseris
674 1479 757 1542 atque
772 1467 846 1542 ignis
858 1467 1006 1525 emendus.

188 1546 306 1621 Optima
321 1547 454 1603 silvarum
469 1548 576 1604 interea
589 1547 737 1622 pelagique
752 1545 859 1602 vorabit

187 1625 255 1682 Rex
268 1626 378 1697 horum,
393 1627 544 1700 vacuisque
558 1627 626 1682 toris
639 1623 749 1684 tanturn
765 1627 823 1700 ipse
835 1623 948 1698 jacebit.

187 1703 265 1760 Nam
280 1705 315 1760 de
329 1705 519 1779 totpulchris,
533 1718 562 1762 et
575 1705 639 1761 latis
653 1705 779 1774 orbibus,
794 1714 826 1759 et
839 1713 897 1758 tarn

188 1782 333 1856 antiquis,
348 1784 406 1839 und
421 1783 575 1841 comedunt
588 1783 758 1858 patrimonia
771 1780 879 1838 mensal.

188 1859 292 1917 Nullus
304 1861 362 1936 jam
374 1862 515 1936 parasitus
528 1862 597 1918 erit!
619 1861 678 1918 Sed
692 1861 754 1935 quis
768 1861 839 1916 ferat
848 1859 920 1915 istas

189 1939 322 1996 Luxuriae
337 1941 453 1996 sordesl
492 1940 612 2000 Quanta
625 1951 666 1996 est
681 1940 756 2014 gula,
770 1957 833 2013 quae
848 1937 901 1993 sibi
916 1947 989 1996 totos

188 2016 272 2074 Ponit
285 2037 376 2092 apros,
392 2019 495 2074 animal
510 2029 622 2093 propter
636 2018 765 2075 convivia
778 2016 892 2074 natum!

188 2094 277 2152 Poena
290 2107 385 2153 tamen
397 2117 531 2172 praesens,
545 2115 632 2172 quum
648 2109 679 2152 tu
693 2097 811 2170 deponis
825 2095 946 2151 amictus

188 2173 346 2250 Turgidus,
361 2187 390 2232 et
403 2176 522 2232 crudum
537 2194 675 2251 pavonem
696 2174 726 2230 in
741 2173 842 2230 balnea
856 2183 957 2251 portas.

188 2252 267 2309 Hinc
281 2253 380 2310 subitae
395 2265 508 2324 mortes,
523 2264 607 2328 atque
618 2254 750 2310 intestata
764 2261 906 2309 senectus.

188 2330 216 2388 It
229 2349 311 2402 nova,
325 2351 381 2388 nec
395 2333 490 2403 tristis,
505 2351 554 2407 per
568 2343 687 2388 cunctas
698 2332 792 2388 fabula
806 2347 918 2388 coenas:

187 2409 309 2468 Ducitur
324 2410 401 2466 iratis
413 2411 606 2486 plaudendum
621 2411 706 2466 mnus
719 2410 827 2467 amicis.
881 2451 886 2460 .

227 2487 277 2546 Nil
292 2491 345 2546 erit
358 2489 484 2561 ulterius,
499 2489 573 2564 quod
588 2489 691 2546 nostris
704 2489 830 2546 moribus
845 2486 931 2546 addat

187 2565 353 2626 Posteritas:
375 2569 476 2626 eadem
492 2568 608 2643 cupient
622 2567 782 2643 facientque
799 2569 932 2627 minores.

186 2647 282 2704 Omne
297 2647 326 2703 in
338 2647 475 2722 praecipiti
489 2647 588 2704 vitium
602 2648 688 2704 stetit.
730 2647 816 2704 Utere
831 2649 917 2716 velis3
939 2687 942 2698 ·

187 2724 278 2782 Totos
292 2726 386 2800 paude
399 2726 486 2782 sinus.
528 2725 617 2782 Dicas
631 2724 679 2781 hic
693 2725 818 2797 forsitan,
834 2728 911 2784 unde

27 2808 30 2817 '
106 2821 110 2826 ·
187 2803 340 2878 ingenium
355 2823 405 2878 par
417 2804 562 2860 materiael
584 2805 660 2860 unde
675 2803 722 2860 illa
735 2804 860 2878 priorum

188 2881 339 2938 scribendi
352 2882 541 2956 quodcunque
554 2883 649 2938 animo
664 2881 800 2957 flagrante
815 2883 916 2940 liberet

183 2959 372 3034 Simplicitas,
387 2961 469 3035 cujus
483 2981 541 3018 non
555 2961 647 3018 audeo
661 2961 757 3017 dicere
771 2963 898 3020 nomenl

186 3038 268 3100 Quid
283 3039 367 3095 refert
381 3039 465 3096 dictis
479 3041 608 3114 ignoscat
622 3038 748 3110 MuciuS,
763 3059 799 3095 an
814 3043 892 3098 nonl

186 3116 266 3174 Pone
280 3116 476 3192 Tigellinum:
497 3119 572 3174 taeda
586 3118 695 3174 lucebis
710 3119 739 3174 in
754 3118 812 3190 illd,

185 3194 256 3256 Qud
270 3207 376 3253 stantes
389 3197 499 3268 ardent,
513 3198 561 3270 qui
575 3197 631 3254 fixo
645 3208 757 3272 gutture
771 3197 890 3270 sumant,

186 3273 225 3330 Et
238 3275 324 3330 latum
339 3275 433 3332 media
444 3276 555 3332 sulcum
571 3276 682 3332 diducis
694 3276 790 3332 arena.

148 3405 150 3412 ,
185 3352 248 3414 Qui
262 3354 340 3410 dedit
353 3373 421 3430 ergo
435 3354 525 3410 tribus
538 3354 645 3428 patruis
659 3355 781 3426 aconita,
787 3355 913 3412 'vehatur

188 3431 347 3488 Pensilibus
360 3431 473 3506 plumis,
488 3443 571 3506 atque
587 3432 666 3488 illino
680 3433 819 3508 despiciat
831 3434 904 3490 nost
1022 3500 1023 3504 ,

185 3509 288 3570 Quum
302 3509 395 3568 veniet
409 3509 518 3581 contra,
533 3511 621 3586 digito
635 3530 784 3586 compesce
798 3511 949 3570 labellum:

187 3589 346 3656 Accusator
361 3589 424 3660 erit,
438 3589 484 3662 qui
501 3589 617 3646 verbum
632 3590 743 3661 dixerit,
758 3590 805 3646 hic
818 3601 868 3647 cst.

187 3666 313 3723 Securus
327 3667 394 3726 licet
408 3668 523 3726 AEnean
537 3667 734 3742 Rutulumque
749 3668 872 3725 ferocem

187 3743 372 3802 committas:
394 3746 464 3803 nulli
479 3747 571 3822 gravis
584 3757 627 3803 est
639 3764 791 3821 percussus
805 3747 945 3819 Achilles,

186 3823 247 3880 Aut
262 3821 382 3882 multum
396 3825 530 3899 quesitus
544 3825 634 3898 Hylas
647 3841 804 3898 urnamque
817 3837 941 3884 secutus.
980 3827 992 3851 ·“
1015 3842 1019 3846 ·

188 3900 265 3959 Ense
280 3903 356 3961 velut
368 3903 467 3962 stricto
479 3904 590 3978 quoties
604 3903 732 3960 Lucilius
747 3904 850 3960 ardens
869 3931 872 3936 ·
