2628 4430
233 396 270 454 14
542 393 573 441 n.
590 393 687 442 suun
703 393 899 442 Juvnuxars

232 537 368 596 Servulus
382 536 488 608 infelix,
503 547 532 594 et
545 555 629 593 cursu
644 537 760 595 ventilat
774 537 879 613 ignem.

232 617 409 675 Scinduntur
424 617 527 674 tunicae
542 628 639 672 sarta:
661 613 745 674 modd
760 617 845 690 longa
859 627 990 674 coruscat

232 698 352 754 Sarraco
365 697 496 754 veniente
511 695 597 767 abies,
614 707 696 770 atque
710 697 797 752 altera
811 697 909 771 pinum

231 776 360 833 Plaustra
374 776 488 846 vebum,
503 787 603 832 nutant
617 776 679 831 altae
703 775 861 850 populoque
882 775 1034 832 minantur.

232 853 308 912 Nam
323 875 346 912 si
360 855 519 930 procubuit,
533 855 581 928 qui
596 873 663 910 saxa
677 853 822 930 Ligustica
835 865 936 930 portat,

233 935 313 1005 Axis,
328 945 357 991 et
369 953 497 991 eversum
513 933 584 990 fudit
598 953 681 1010 super
695 933 810 1009 agmina
823 945 959 1007 montem,

227 1013 312 1086 nuic
326 1024 454 1089 superest
467 1013 503 1070 de
517 1013 703 1088 corporibusl
723 1013 786 1088 quis
800 1012 936 1086 membra,
950 1012 1013 1088 quis
1030 1031 1095 1070 ossa

232 1092 366 1150 Invenitl
387 1093 521 1151 obtritum
536 1092 610 1168 vulgi
624 1091 697 1166 perit
710 1097 795 1149 omne
807 1093 927 1149 cadaver

233 1171 313 1230 More
325 1173 434 1229 animae.
477 1171 585 1229 Domus
600 1171 708 1228 interea
722 1190 822 1228 secura
835 1172 952 1246 patellas

232 1251 250 1308 J
254 1271 299 1308 am
314 1253 396 1323 lavat,
411 1263 440 1309 et
454 1251 546 1307 bucca
561 1251 684 1308 foculum
698 1251 811 1323 excitat,
825 1262 854 1308 et
867 1262 948 1309 sonat
960 1251 1055 1309 unctis
1150 1283 1154 1296 ι

233 1332 394 1407 Striglibus,
409 1343 437 1390 et
450 1331 535 1406 pleno
548 1331 691 1405 componit
706 1331 794 1388 lintea
807 1339 895 1406 gutto.

233 1411 305 1468 llaec
317 1411 388 1466 inter
402 1429 504 1484 pueros
517 1408 594 1466 varie
609 1420 808 1486 properantur:
829 1409 917 1466 atille

232 1489 297 1546 Jam
312 1491 391 1547 sedet
405 1490 434 1545 in
449 1490 520 1564 ripa,
535 1499 692 1564 tetrumque
708 1489 835 1546 novicius
849 1489 943 1547 horret

232 1569 392 1640 Porthmea,
406 1588 461 1626 uec
476 1580 569 1644 sperat
582 1568 689 1626 coenosi
703 1568 823 1646 gurgitis
838 1569 934 1625 alnum

232 1649 346 1719 Infelix,
361 1667 415 1706 nec
430 1649 524 1719 babet,
540 1667 624 1722 quem
638 1649 772 1724 porrigat,
785 1668 834 1705 ore
848 1648 987 1706 trientem.

272 1727 397 1804 Respice
412 1747 489 1785 nunc
504 1727 558 1785 alia
572 1747 606 1784 ac
620 1727 730 1785 diversa
744 1728 871 1804 pericula
884 1729 993 1784 noctis:

231 1807 318 1869 Quod
334 1807 455 1882 spatium
469 1808 551 1864 tectis
565 1807 741 1879 sublimibus,
758 1808 834 1864 unde
849 1807 996 1864 cerebrum

232 1885 323 1944 Testa
337 1887 408 1958 ierit,
424 1887 532 1961 quoties
545 1885 647 1943 rimosa
661 1898 690 1943 et
704 1897 784 1943 curta
798 1886 927 1943 fenestris

232 1965 309 2023 Vasa
320 1967 424 2024 cadant
432 1986 439 2036 ;
461 1977 565 2040 quanto
578 1983 746 2040 percussum
759 1967 884 2041 pondere
899 1964 1014 2041 signent

233 2045 269 2103 Et
283 2047 387 2102 laedent
400 2045 517 2103 silicem.
560 2044 653 2102 Possis
668 2045 786 2120 ignavus
801 2045 897 2102 haberi

232 2124 270 2183 Et
284 2125 370 2183 subiti
384 2125 467 2182 castis
481 2124 661 2200 improvidus,
674 2125 709 2181 ad
724 2143 835 2182 coenam
853 2124 877 2181 si

232 2203 385 2263 Intestatus
399 2224 455 2263 eas.
498 2201 581 2262 Adeo
596 2216 636 2261 tot
651 2204 715 2276 sata,
730 2215 797 2279 quot
811 2204 858 2262 illd

232 2284 325 2342 Nocte
343 2295 440 2361 patent
454 2285 561 2360 vigiles,
576 2295 603 2341 te
618 2295 814 2360 praetereunte,
829 2285 975 2341 fenestrae:

232 2363 310 2440 Ergo
324 2377 411 2441 optes,
429 2376 577 2440 votumque
592 2365 664 2420 feras
678 2364 836 2420 miserabile
851 2373 956 2436 tecum,

232 2443 270 2502 Ut
283 2445 339 2502 sint
354 2455 493 2501 contente
508 2445 617 2520 patulas
632 2441 787 2500 defundere
800 2444 904 2520 pelves.

271 2524 375 2582 Ebrius
389 2543 423 2581 ac
433 2525 572 2600 petulans,
587 2523 635 2598 qui
650 2523 759 2580 nullum
775 2521 846 2582 forte
862 2521 977 2595 cecidit,

232 2603 289 2661 Dat
302 2624 408 2680 poenas,
423 2616 535 2661 noctem
549 2604 652 2680 patitur
667 2603 789 2679 lugentis
803 2604 928 2660 amicum

232 2683 347 2756 Pelidae,
362 2684 448 2740 cubat
462 2683 490 2740 in
506 2685 618 2754 faciem,
633 2701 698 2739 mox
712 2684 816 2740 deinde
830 2683 957 2759 supinus.

232 2760 310 2838 Ergd
326 2783 382 2820 non
397 2763 476 2819 aliter
490 2764 591 2837 poterit
606 2762 745 2818 dormirel
785 2761 969 2822 Quibusdam

232 2843 371 2898 Somnum
386 2842 446 2898 rixa
465 2842 545 2898 facit:
567 2842 627 2911 sed,
641 2841 767 2915 quamvis
782 2841 925 2917 improbus
939 2839 1031 2912 annis,

235 2921 327 2996 Atque
342 2940 419 2978 mero
435 2919 553 2994 feriens¹
566 2932 646 2978 cavet
661 2921 747 2991 hunc,
762 2939 846 2996 quem
863 2920 983 2978 coccina
1001 2919 1075 2978 laena

232 3001 322 3058 Vitari
334 3000 423 3080 jubet,
438 3012 467 3058 et
481 3001 615 3058 comitum
630 2999 810 3074 longissimus
823 3000 902 3072 ordo,

232 3079 355 3138 Multum
369 3079 503 3156 praeterea
517 3079 702 3152 flammarum,
716 3091 744 3137 et
758 3083 849 3137 aenea
862 3080 977 3156 lampas.

232 3159 292 3232 Me,
306 3179 388 3235 quem
401 3160 468 3217 luna
482 3159 552 3218 solet
566 3160 707 3217 deducere
732 3159 774 3217 vel
790 3160 872 3217 breve
885 3159 984 3220 lumen

231 3239 378 3312 Candelae,
390 3240 470 3316 cujus
484 3241 616 3316 dispenso
629 3252 659 3297 et
672 3251 797 3315 tempero
808 3239 896 3312 lilum,

231 3319 403 3378 Contemnit.
446 3318 558 3377 Miserae
573 3337 713 3395 cognosce
727 3320 861 3394 prooemia
875 3319 952 3393 rire,

232 3399 264 3457 Si
279 3399 339 3458 rixa
349 3410 401 3470 est,
416 3399 464 3456 ubi
478 3412 508 3456 tu
523 3398 626 3474 pulsas,
638 3418 691 3474 ego
706 3393 806 3475 vapulo
819 3397 938 3457 tantum.

232 3479 296 3536 Stat
309 3476 418 3549 contrd,
433 3479 554 3553 starique
566 3477 661 3553 jubet;
684 3498 781 3554 parere
795 3497 913 3536 necesse
926 3491 977 3538 est.

232 3557 308 3616 Nam
322 3557 389 3632 quid
403 3577 480 3633 agas,
495 3577 580 3632 quum
594 3569 622 3615 te
638 3557 758 3616 furiosus
771 3569 863 3634 cogat,
877 3569 906 3616 et
919 3558 995 3617 idem

233 3637 364 3695 Fortiorl
405 3636 487 3694 Unde
502 3637 602 3694 venisl
623 3637 779 3696 exclamat:
801 3638 882 3713 cujus
896 3649 985 3713 aceto,

232 3717 323 3794 Cujus
336 3717 445 3775 conche
458 3717 570 3774 tumesl
591 3717 653 3792 quis
666 3729 760 3774 tecum
775 3718 872 3775 sectile
885 3737 999 3794 porrum

232 3797 328 3868 Sutor,
342 3808 371 3854 et
384 3795 449 3853 elixi
464 3795 588 3852 vervecis
602 3797 679 3853 labra
692 3797 836 3854 comeditl
853 3825 861 3833 ·

232 3875 283 3933 Nil
298 3874 367 3934 mihi
381 3875 555 3951 respondes?
576 3877 689 3947 autdic,
705 3888 753 3933 aut
767 3876 864 3950 accipe
879 3875 996 3934 calcem.

233 3955 305 4027 Ede,
320 3955 369 4012 ubi
382 3953 537 4012 consistas:
559 3955 589 4012 in
603 3955 660 4030 quii
673 3966 701 4013 te
714 3973 809 4031 quaero
821 3953 1000 4032 proseuchtll
