2628 4430
506 381 630 431 surum
644 381 696 432 tx.

98 524 184 582 Nam
197 545 246 583 res
259 526 401 583 mortifera
415 537 458 582 est
471 526 604 584 inimicus
617 529 730 603 pumice
743 529 819 586 levis.

97 605 164 666 Qui
181 602 271 662 modd
286 617 425 662 secretum
440 605 628 676 commiserat,
640 607 729 679 ardet,
743 617 771 665 et
783 609 853 680 odit,

97 684 261 760 Tanquam
274 684 454 760 prodiderim,
468 685 602 758 quidquid
616 685 683 742 scio.
725 688 844 745 Sumere
855 686 970 761 serrum,

18 763 19 788 ³
98 762 193 821 Fuste
209 763 319 838 aperire
332 775 427 838 caput,
441 763 588 820 candelam
600 783 741 840 apponere
756 765 853 838 valvis,

97 839 172 900 Non
186 842 307 900 dubitat.
349 841 413 899 Nec
427 853 591 900 contemnas
605 854 653 901 aut
667 844 814 918 despicias,
827 843 905 922 qudd

101 921 159 979 His
175 922 280 998 opibus
293 939 436 996 nunquam
448 941 515 980 cara
527 934 570 980 est
583 941 697 980 annona
714 925 826 982 veneni.

102 998 182 1076 Ergb
194 1000 311 1059 occulta
324 1013 412 1076 teges,
426 1012 458 1060 ut
470 1001 551 1058 curia
566 1000 667 1059 Martis
681 1001 811 1060 Athenis.

101 1080 127 1136 Ο
141 1079 294 1156 Corydon,
308 1079 451 1154 Corydon,
466 1091 606 1138 secretum
620 1081 714 1138 divitis
728 1081 815 1140 ullum

104 1159 175 1217 Esse
192 1160 297 1236 putasl
324 1159 403 1216 Servi
417 1170 448 1217 ut
461 1170 590 1230 taceant3
609 1159 737 1236 jumenta
750 1160 912 1236 loquuntur,

103 1237 138 1296 llt
153 1239 250 1311 canis,
264 1251 293 1296 et
306 1249 410 1315 postes,
422 1249 452 1296 et
465 1257 611 1296 marmora.
631 1253 635 1262 ·
652 1238 762 1298 Claude
777 1241 923 1315 fenestras,

102 1318 177 1376 Vela
192 1329 293 1393 tegant
307 1317 401 1389 rimas,
412 1317 501 1393 junge
514 1317 594 1389 ostia,
608 1318 697 1376 tollito
709 1319 806 1378 lumen

103 1397 260 1466 Emedio;
271 1395 396 1454 clamant
407 1415 514 1456 omnes.
555 1394 646 1474 Prope
665 1417 749 1456 nemo
761 1398 928 1458 recumbat:

102 1475 194 1538 Quod
202 1475 307 1534 ‘tamen
321 1475 356 1532 ad
370 1486 485 1534 cantum
500 1475 566 1552 gelli
581 1466 647 1535 lacit
661 1477 708 1536 ille
721 1478 851 1550 secundi,

104 1555 257 1614 Proximus
270 1555 421 1612 antediem
435 1573 526 1631 caupo
538 1556 626 1624 sciet;
648 1556 744 1614 audiet
757 1567 795 1629 et,
808 1575 871 1633 que

106 1634 265 1692 Finxerunt
277 1635 380 1712 pariter
393 1634 530 1706 librarius,
544 1635 732 1710 archimagiri,

107 1712 266 1790 Carptores.
307 1713 395 1775 Quod
409 1713 485 1770 enim
500 1713 629 1771 dubitant
641 1732 811 1790 componere
824 1715 934 1776 crimen

106 1791 142 1850 ln
157 1791 295 1865 dominos,
305 1792 414 1867 quoties
427 1792 585 1849 rumoribus
598 1791 773 1850 ulciscuntur

106 1869 226 1930 Balteal
268 1871 333 1929 Nec
346 1871 445 1944 deerit,
459 1872 505 1946 qui
519 1883 547 1929 te
560 1891 610 1948 per
623 1873 746 1950 compita
758 1883 865 1948 querat

106 1949 270 2023 Nolentem,
284 1961 314 2009 et
328 1951 457 2008 miseram
470 1953 584 2009 vinosus
598 1951 718 2010 inebriet
731 1971 835 2010 aurem.

108 2029 169 2090 lllcs
183 2027 255 2107 ergd
269 2049 361 2106 roges,
375 2030 509 2106 quidquid
523 2027 607 2106 pauld
622 2028 689 2088 ante
701 2031 817 2107 petebas

113 2109 231 2168 huobis
282 2109 413 2166 Tuccam
426 2109 483 2166 illi:
505 2111 553 2166 sed
567 2111 687 2185 prodere
701 2111 809 2168 malunt
892 2137 895 2144 ·

112 2187 266 2261 Arcanum,
280 2186 366 2263 quarn
380 2188 504 2264 subrepti
519 2200 614 2264 potare
628 2188 752 2260 Falerni,

107 2267 157 2328 Pro
170 2269 279 2346 populo
293 2268 400 2325 faciens
412 2279 548 2343 qusmum
562 2267 690 2324 Laulella
704 2267 825 2324 bibebat.

107 2349 266 2407 vivendum
281 2344 358 2405 recte
373 2359 425 2420 est,
440 2345 505 2405 crim
518 2359 631 2423 propter
643 2347 774 2422 plurima,
786 2358 848 2405 tum
862 2347 906 2406 his

107 2425 251 2505 Praecipue
266 2427 369 2496 causis,
384 2438 415 2484 ut
428 2427 539 2502 linguas
552 2427 755 2501 mancipiorum

110 2507 295 2566 Contemnes:
316 2524 383 2562 narn
396 2505 573 2582 lingua-muli
585 2523 648 2580 pars
661 2504 783 2580 pessima
795 2504 876 2562 servi.

114 2583 235 2646 Deterior
246 2597 343 2644 tamen
357 2584 414 2656 hic,
428 2583 475 2658 qui
490 2583 560 2640 liber
573 2601 631 2640 non
644 2583 698 2640 erit
711 2583 776 2655 illis,
794 2601 816 2666 p

115 2663 237 2728 Quorum
251 2665 360 2723 animas
373 2674 402 2721 et
416 2663 487 2720 farre
501 2679 552 2720 suo
565 2663 688 2720 custodit
701 2673 730 2720 et
744 2681 807 2720 tere.

145 2745 258 2804 ldcirco
269 2754 301 2801 ut
310 2743 413 2820 possim
427 2742 554 2819 linguam
568 2753 749 2800 contemnere
763 2742 845 2816 servi,

111 2823 177 2884 Utile
193 2823 345 2883 consilium
359 2819 454 2894 modd,
468 2822 517 2879 sed
531 2839 692 2894 commune,
706 2823 827 2882 dedisti:

104 2904 190 2964 Nunc
204 2903 276 2961 mihi
290 2903 357 2978 quid
371 2902 471 2959 suades
484 2913 547 2978 post
560 2902 694 2959 damnum
708 2903 851 2980 temporis,
865 2913 895 2962 et
908 2922 974 2980 spes
1025 2905 1082 2970 lou

103 2983 269 3062 Deceptasl
310 2981 438 3040 Festinat
451 2981 529 3038 enim
543 2983 693 3039 decurrere
707 2982 788 3040 velox
1044 3028 1050 3046 .

102 3063 265 3134 Flosculus,
280 3073 406 3137 auguste
421 3061 586 3134 misereque
597 3060 759 3116 brevissima
771 3061 835 3118 vitm

102 3143 218 3202 Portio:
239 3141 308 3198 dum
322 3139 455 3210 bibimus,
470 3139 538 3194 dum
551 3149 636 3208 serta,
651 3148 805 3211 unguenta,
819 3138 927 3212 puellas

102 3223 263 3293 Poscimus,
277 3219 456 3296 obrepit'non
471 3215 616 3273 intellecta
628 3226 768 3275 senectus.

101 3303 149 3362 Ne
165 3300 297 3378 trepida:
314 3315 460 3373 nunquam
473 3295 605 3373 pathicus
617 3294 669 3352 tibi
684 3294 774 3352 deerit
787 3293 906 3366 amicus,
1026 3297 1082 3356 105

101 3380 252 3442 Stantibus
266 3390 295 3437 et
308 3378 392 3458 salvis
405 3378 449 3435 his
462 3375 599 3443 collibus3
622 3373 746 3449 undique
760 3373 796 3431 ad
811 3372 873 3432 illos

101 3459 294 3531 Conuenient,
308 3467 338 3515 et
350 3456 491 3533 carpentis
504 3465 533 3512 et
547 3453 674 3524 naribus,
687 3471 796 3526 omnes,

99 3541 166 3603 Qui
180 3539 270 3616 digito
284 3535 414 3612 scalpunt
427 3553 486 3594 unc
498 3543 591 3610 caput.
633 3533 734 3590 Altera
747 3532 835 3608 major

101 3621 176 3696 Spes
190 3626 333 3695 superest:
353 3624 385 3671 tu
396 3613 507 3671 tantum
521 3613 615 3670 erucis
628 3612 760 3688 imprime
772 3613 896 3670 dentem.

103 3699 178 3756 Haec
192 3696 321 3772 exempla
332 3711 402 3770 para
415 3693 562 3751 felicibus:
584 3701 613 3748 at
626 3709 691 3748 mea
704 3691 808 3749 Clotho
1012 3692 1082 3751 .110

102 3779 141 3837 Et
152 3775 290 3836 Lachesis
303 3772 439 3850 gaudem,
453 3772 477 3829 si
490 3772 615 3847 pascitur
628 3771 748 3846 inguine
759 3781 856 3828 venter

101 3859 130 3918 Ο
145 3856 233 3934 parvi,
247 3853 392 3927 nostrique
405 3851 502 3922 Lares,
517 3867 587 3926 quos
600 3850 682 3907 thure
696 3849 815 3922 minuto,

102 3940 164 3996 Aut
175 3935 257 4006 farre,
271 3943 300 3990 et
313 3931 391 3990 tenui
407 3930 484 3988 soleo
496 3947 613 3988 exorare
622 3928 737 4002 corone,
