2628 4430
217 363 256 435 ss
526 369 558 424 D.
575 371 676 421 surtu-
687 369 883 422 JUVENAMS

218 517 346 576 Labente
359 516 461 589 officio,
476 515 734 588 crudis-donanda3
755 537 810 575 nec
824 515 903 586 illud,·

217 597 304 659 Quod
319 597 409 674 primia
422 615 472 672 pro
485 605 569 653 nocte
580 597 675 668 datur,
690 615 777 673 quum
790 597 873 654 lance
887 592 970 650 beati

218 675 355 748 Dacicus,
369 687 397 732 et
411 676 515 755 scripto
528 675 621 732 radiat
634 675 823 734 Germanicus
838 693 914 731 auro.

219 757 249 814 si
264 755 315 814 tibi
329 754 493 832 simplicitas
508 754 615 832 uxoria,
630 753 741 812 deditus
755 754 806 812 uni

217 826 269 894 Est
283 834 411 902 animus3
433 833 566 891 submitte
579 843 665 908 caput
677 833 788 892 cervice
801 829 898 910 parati

217 914 305 972 Ferre
316 914 433 991 jugum:
455 911 563 970 nullam
575 912 713 986 invenies,
728 930 790 989 quae
804 921 901 990 parcat
915 907 1030 967 amanti.

217 995 326 1052 Ardeat
339 993 399 1069 ipsa
413 989 490 1064 licet,
505 991 651 1050 tormentis
665 993 770 1069 gaudet
784 990 904 1048 amantis
997 989 1000 996 '

64 1071 67 1078 ⁴
119 1095 121 1102 ·
217 1071 255 1130 Et
268 1072 372 1149 spoliis.
415 1069 505 1148 Igitur
519 1061 603 1148 longia
618 1069 713 1130 minus
727 1071 804 1129 utilis
818 1071 859 1128 illi

218 1151 303 1232 Uror,
317 1151 444 1228 quisquis
457 1149 510 1208 erit
525 1151 616 1232 bonus
629 1152 823 1228 optandusque
836 1148 961 1206 maritus.

185 1282 192 1296 ,
218 1229 267 1288 Nil
283 1249 407 1306 unquam
421 1229 509 1288 inviti
524 1229 642 1288 donabis
656 1229 778 1307 conjuge
791 1249 797 1286 :
817 1229 924 1286 vendes

139 1341 141 1346 ·
217 1309 283 1368 Hic
296 1309 424 1368 obstante
438 1308 526 1368 nihil:
545 1309 627 1382 nihil,
638 1309 700 1366 haec
713 1309 736 1368 si
745 1309 832 1382 nolet,
845 1317 964 1365 emetur.

217 1389 291 1448 Haec
305 1388 383 1449 dabit
397 1387 533 1444 affectus:
555 1388 602 1445 ille
616 1387 782 1446 excludetur
797 1387 906 1444 amicus

217 1467 235 1526 J
238 1487 284 1526 am
297 1468 400 1540 senior,
415 1467 496 1543 cujus
510 1467 626 1524 barbam
640 1479 689 1524 tua
699 1467 787 1544 janua
800 1466 876 1524 vidit.

217 1545 357 1606 Testandi
370 1565 458 1623 quum
472 1545 509 1604 sit
522 1547 672 1605 lenonibus
685 1557 769 1622 atque
782 1545 893 1602 lanistis

218 1625 357 1699 Libertas,
371 1637 400 1684 et
411 1625 482 1702 juris
496 1625 571 1683 idem
585 1623 732 1702 contingat
746 1643 857 1696 arenae;
878 1623 881 1631 '

178 1719 179 1724 ’
218 1705 285 1764 Non
299 1725 374 1762 unus
387 1705 439 1762 tibi
453 1701 548 1762 rivalis
559 1705 719 1782 dictabitur
727 1706 826 1762 hares.
847 1715 850 1724 ¹

218 1784 297 1842 Pone
311 1801 427 1842 crucem
441 1803 528 1842 servo.
570 1783 677 1842 Meruit
691 1804 746 1860 quo
760 1783 879 1842 crimine
894 1797 990 1863 servus

218 1863 418 1940 Suppliciuml
440 1863 503 1940 quis
516 1863 595 1920 testis
609 1865 709 1920 adestl
729 1863 792 1940 quis
805 1854 926 1920 detulitt
967 1857 1057 1930 Audi,

219 1941 307 2003 Nulla
321 1960 447 2018 unquam
461 1943 496 2002 de
510 1938 599 2000 m'ort'e
614 1943 736 2000 hominis
748 1941 893 1999 cunctatio
905 1941 989 2016 longa
1002 1947 1052 1996 est.

218 2011 249 2079 Ὀ
262 2023 388 2094 demens,
403 2021 443 2079 ita
456 2029 553 2085 servus
565 2023 728 2079 homo‘esti
748 2021 789 2078 nil
804 2021 912 2093 fecerit,
926 2029 1002 2076 esto:
1107 2023 1114 2042 “

220 2101 285 2160 Hoc
299 2101 371 2174 volo,
385 2101 428 2158 sic
439 2101 587 2178 jube0,sit
599 2099 650 2178 pro
663 2095 771 2160 ratione
785 2100 923 2158 voluntas.
938 2099 944 2109 ’

200 2211 202 2215 ,
259 2179 382 2257 Imperat
395 2177 464 2257 ergo
478 2179 553 2250 vir03
575 2179 625 2238 sed
638 2197 704 2238 mox
717 2181 778 2240 haec
791 2196 880 2256 regna
893 2174 1035 2254 relinquit,

216 2257 420 2336 ‘Permutatque
434 2261 541 2331 dumea,
553 2271 581 2317 et
595 2259 724 2338 flammea
738 2253 877 2316 conterit:
898 2257 965 2315 inde
1005 2255 1008 2264 ¹

220 2339 351 2412 Advolat,
366 2352 394 2398 et
405 2341 492 2415 spreti
506 2339 607 2414 repetit
620 2339 737 2414 vestigia
751 2337 825 2394 lecti.
846 2389 850 2400 ,
973 2331 976 2338 ’

193 2455 198 2465 -
220 2417 344 2478 Ornatas
354 2416 444 2495 'paulo
459 2416 525 2476 ante
542 2419 626 2490 sorec,¹
638 2416 792 2492 pendentia
805 2415 907 2492 linquit
924 2429 932 2450 ·

220 2497 297 2556 Vela
308 2498 419 2570 demtis,
432 2505 461 2555 et
475 2495 569 2554 adhuc
581 2493 687 2554 'virides
701 2495 730 2554 in
744 2495 841 2553 limine
851 2495 955 2553 'ramos
1013 2501 1016 2508 ⁴

199 2591 202 2599 ¹
221 2577 273 2636 Sic
285 2578 388 2643 crescit
401 2595 535 2634 numerus
548 2596 554 2646 ;
576 2576 618 2634 sic
632 2576 705 2634 liunt
717 2585 782 2634 octo
795 2574 895 2634 mariti·

219 2655 357 2733 Quinque
370 2675 420 2732 per
435 2667 603 2714 autumnos:
625 2655 707 2715 titulo
720 2675 764 2714 res
777 2655 864 2730 digna
878 2651 1010 2730 sepulcri.
1091 2663 1094 2672 ¹

260 2735 449 2812 Desperanda
457 2735 507 2792 tibi
522 2734 599 2792 salvia
613 2735 765 2792 concordia
778 2751 869 2790 socru.

221 2813 274 2870 Illa
287 2815 371 2884 docet
384 2807 562 2890 spoliia'nudi
576 2811 823 2890 gaudere‘mariti3

221 2891 276 2950 Illa
289 2894 382 2966 docet,
395 2892 488 2950 missis
502 2911 519 2949 a
532 2901 693 2968 corruptore
707 2890 828 2963 tabellis,

221 2971 273 3030 Nil
286 2973 358 3029 rude
368 2990 425 3028 nec
437 2971 558 3048 simplex
567 2971 742 3032 rescribere:
764 2967 871 3046 decipit
884 2968 933 3026 illa

116 3063 118 3070 ⁴
220 3051 371 3123 Custodes,
383 3062 431 3108 aut
441 3069 501 3108 ,aere
513 3051 607 3108 domat
620 3071 631 3112 :,
639 3061 715 3108 tunc
729 3066 844 3126 corpore
857 3067 926 3107 sano

222 3129 351 3208 Adyocat
365 3131 559 3206 Archigenen,
573 3149 746 3206 onerosaque
760 3127 846 3206 pallia
856 3128 954 3205 jactat.

222 3211 345 3268 Abditas
359 3210 465 3268 interea
474 3209 549 3267 'latet
562 3211 590 3266 et
604 3217 728 3266 secretus
742 3207 900 3266 adulter.-

150 3349 158 3373 .
223 3289 340 3347 Scilicet
353 3302 511 3366 exspectas,
525 3299 556 3346 ut
569 3287 661 3346 tradat
674 3299 761 3346 mater
776 3289 908 3344 honestos

223 3370 318 3444 Atque
332 3368 401 3426 alios
415 3387 516 3448 mores,
531 3366 616 3443 quim
630 3381 699 3444 quos
713 3365 817 3424 habeti
837 3363 906 3422 utile
920 3361 1003 3440 porrd

221 3447 352 3506 Filiolam
366 3446 440 3522 turpi
451 3447 553 3504 ¹vetulae
564 3448 718 3522 producere
728 3457 847 3521 turpem,

262 3527 349 3584 Nulla
362 3523 423 3582 fere
437 3545 524 3582 causa
537 3537 588 3597 est,
603 3526 632 3582 in
646 3527 701 3601 qud
716 3543 773 3582 non
787 3523 902 3580 loemina
914 3523 993 3582 litem

224 3603 352 3663 Moverit.
394 3606 528 3662 Accusat¹
537 3603 666 3678 Manilia,
681 3605 704 3662 si
719 3623 767 3660 rea
781 3599 838 3662 aion
852 3613 902 3660 est.

224 3685 405 3760 Componunt
418 3683 485 3760 ipsae
498 3681 556 3760 per'
562 3703 602 3756 se,
617 3684 790 3758 formantque
804 3681 923 3754 libellos,

224 3763 399 3839 Principium
413 3775 495 3840 atque
509 3763 586 3843 locos
598 3763 684 3822 Celso
698 3762 804 3820 dictare
814 3771 930 3838 'paratae

133 3845 136 3852 ‘
263 3841 451 3903 Endromidas
465 3842 577 3916 Tyrias,
592 3853 621 3899 et
635 3842 799 3898 femineum
812 3859 926 3898 ceroma

223 3921 300 3984 Quis
313 3921 424 3978 nescit?
435 3921 488 3988 ¹vel
501 3921 634 3996 quisn'ou
648 3919 717 3978 vidit
730 3921 847 3977 vulnera
858 3919 936 3997 palii
