2628 4430
200 345 241 404 m
381 351 383 358 ·
512 307 928 406 somniaverim,

200 482 352 560 Unguibus
366 481 406 538 ire
414 491 499 615 parat
513 499 643 538 nummos
657 490 771 556 raptura
784 478 920 538 Celaeno:

201 561 290 620 Tunc
302 560 401 618 licata
438 559 484 620 ico
494 577 627 616 numeres
641 577 749 634 genus,
771 556 882 632 altaque
896 557 920 616 si
933 566 963 614 te

201 637 328 696 Nomina
341 638 494 710 delectant,
505 655 619 696 ornnem
634 635 772 694 Titanida
786 654 912 712 pugnam

181 713 185 720 ’
201 715 280 775 Inter
293 715 414 792 majores
428 716 575 791 ipsumque
589 713 758 771 Promethea
770 731 878 789 ponas:

201 795 246 852 De
259 812 428 870 quocunque
443 791 519 851 voles
532 811 668 870 proavum
679 791 731 849 tibi
745 793 848 850 sumito
861 791 941 849 libro.

200 871 290 934 Quod
305 873 328 930 si
341 872 517 950 precipitem
531 871 604 946 rapit
617 870 734 928 ambitio
747 883 831 945 atque
844 869 943 944 libido,

202 951 234 1008 Si
248 951 354 1028 frangis
368 951 461 1027 virgas
474 950 615 1008 sociorum
629 949 659 1006 in
673 947 823 1024 sanguine,
837 949 861 1006 si
876 959 903 1016 te

200 1025 353 1086 Delectant
366 1029 482 1088 hebetes
496 1028 570 1086 lasso
583 1027 681 1085 lictore
695 1046 825 1096 secures;

202 1106 307 1184 Incipit
321 1109 445 1184 ipsorum
459 1117 559 1165 oontra
572 1117 600 1164 te
613 1116 687 1163 stare
701 1116 850 1181 parentum
937 1121 940 1128 ’

201 1185 353 1257 Nobilitas,
367 1179 529 1262 claramque
544 1185 636 1242 facem
650 1183 781 1260 preferre
794 1183 944 1260 pudendis.

201 1263 297 1320 Omne
311 1263 397 1322 animi
413 1264 510 1322 vitium
524 1273 603 1322 tanto
617 1261 798 1338 conspectius
812 1263 841 1320 in
856 1282 886 1320 se

202 1342 320 1400 Crimen
334 1343 429 1414 habet,
443 1353 548 1417 quanto
561 1341 659 1416 major,
673 1341 721 1416 qui
735 1351 846 1417 peccat,
861 1339 990 1398 habetur.

201 1418 272 1482 Qud
286 1421 356 1477 mihi
370 1433 398 1478 te
412 1421 523 1478 solitum
540 1419 624 1476 falsas
638 1419 750 1494 signare
764 1419 883 1476 tabellas
926 1419 929 1428 “

202 1497 237 1556 In
252 1499 373 1574 templis,
387 1517 449 1573 quae
464 1499 531 1556 fecit
545 1517 623 1568 avus,
637 1507 814 1573 statuamque
828 1497 953 1573 parentis

202 1577 281 1634 Ante
295 1577 515 1653 triumphaleml
534 1573 603 1653 qud,
617 1576 640 1634 si
652 1586 809 1634 nocturnus
823 1575 932 1634 adulter

202 1653 346 1730 Tempora
360 1656 516 1714 Santonico
527 1656 602 1713 velas
613 1656 747 1730 adoperta
760 1653 893 1712 cucullol

159 1742 161 1748 ’
201 1731 307 1790 Praeter
321 1734 458 1809 majorum
472 1733 585 1792 cineres
598 1744 681 1808 atque
695 1753 758 1790 ossa
772 1733 879 1792 volucri

201 1809 345 1886 Carpento
358 1813 464 1888 rapitur
476 1812 591 1888 pinguis
605 1811 804 1887 Damasippus,
818 1822 847 1868 et
860 1812 930 1887 ipse,

201 1887 215 1944 l
280 1899 369 1946 rotam
384 1889 534 1965 adstringit
547 1889 637 1946 multo
650 1889 809 1946 sufflamine
823 1889 951 1946 Consul:

200 1907 295 2024 Ntlcete
308 1967 441 2043 quidem;
462 1967 511 2025 sed
526 1967 595 2026 luna
608 1967 693 2039 videt,
708 1967 759 2024 sed
774 1967 866 2024 sidera
879 1978 965 2026 testes

200 2043 358 2103 Intendunt
370 2046 475 2104 oculos.
517 2043 644 2104 Finitum
659 2056 771 2120 tempus
784 2046 900 2104 honoris

199 2122 301 2184 Quum
315 2123 408 2196 hierit,
423 2123 500 2181 clara
513 2122 703 2200 Damasippus
716 2123 780 2181 luce
795 2123 938 2202 flagellum

201 2201 311 2274 Sumet,
325 2212 355 2260 et
367 2221 518 2260 occursum
532 2221 676 2277 nunquam
690 2202 841 2279 trepidabit
855 2204 940 2261 amici

200 2278 265 2336 Jarn
280 2281 367 2352 senis,
381 2300 416 2338 ac
430 2281 509 2356 virga
523 2281 599 2356 prior
613 2291 730 2356 annuet,
745 2292 828 2356 atque
842 2281 981 2360 maniplos

200 2357 306 2430 Solvet,
320 2370 349 2416 et
363 2359 495 2416 infundet
506 2359 643 2434 jumentis
657 2359 761 2417 hordea
774 2359 864 2416 lassis.

200 2433 324 2508 Interea,
338 2438 406 2494 dum
420 2437 529 2494 lanatas
543 2447 707 2513 torvumque
718 2438 872 2514 juvencum

199 2513 281 2573 More
295 2514 325 2571 N
328 2535 400 2574 umoe
414 2516 500 2574 eadit
513 2514 592 2574 Jovis
605 2527 671 2574 ante
685 2515 794 2590 altaria,
805 2517 881 2592 jurat

200 2593 296 2651 Solam
311 2593 441 2670 Eponam
454 2606 484 2652 et
498 2595 585 2652 facies
598 2595 674 2653 olida
688 2597 723 2652 ad
737 2597 874 2672 praesepia
888 2595 987 2672 pictas.

200 2671 258 2728 Sed
272 2691 360 2747 quum
374 2673 523 2748 pervigiles
536 2674 630 2748 placet
641 2675 797 2732 instaurare
810 2673 949 2750 popinas;

198 2747 308 2806 Obvius
322 2751 434 2808 assiduo
449 2751 637 2826 Syrophoenix
650 2753 724 2808 udus
735 2771 847 2810 amomo

148 2895 152 2900 Ι
198 2825 304 2897 Currit,
319 2825 454 2884 Idumoeae
470 2828 658 2904 Syrophoenix
671 2829 767 2888 incola
779 2841 877 2906 portae,

198 2904 327 2982 Hospitis
340 2905 444 2963 affectu
458 2906 604 2964 dominum
620 2927 771 2984 regemque
786 2907 898 2980 salutat,

197 2981 315 3041 Etcum
329 2984 421 3042 venali
435 2983 533 3059 Cyane
547 2987 695 3044 succincta
707 2987 819 3062 lagena.

237 3061 377 3120 Defensor
391 3063 482 3140 culpae
496 3063 573 3120 dicet
586 3064 667 3137 mihi,
681 3065 816 3124 Fecimus
829 3075 858 3123 et
872 3086 924 3126 nos

197 3139 271 3198 Haeo
282 3141 409 3218 juvenes.
451 3141 529 3200 Esto.
570 3141 676 3202 Desisti
690 3163 803 3222 nempe,
818 3164 873 3202 neo
887 3143 962 3204 ultra
1055 3143 1061 3152 ”

197 3217 306 3278 Fovisti
321 3239 452 3277 errorem.
495 3219 584 3278 Breve
598 3222 644 3293 sit,
658 3223 733 3297 quod
747 3224 865 3299 turpiter
879 3225 976 3284 audes.

196 3297 340 3359 Quadam
355 3317 420 3356 cum
435 3299 525 3375 primf
539 3313 702 3358 resecentur
716 3302 836 3359 crimina
851 3301 947 3361 barba

197 3373 320 3454 Indulge
334 3376 444 3434 veniam
458 3378 561 3454 pueris.
602 3377 792 3456 Damasippus
805 3381 841 3438 ad
853 3379 917 3440 illos

197 3453 388 3524 Thermarum
403 3455 509 3513 calices
523 3456 713 3533 inscriptaque
727 3457 816 3516 lintea
830 3459 916 3534 vadit,

197 3531 329 3591 Maturus
342 3533 426 3605 bello,
441 3533 586 3592 Armeniae
601 3536 746 3612 Syriaeque
760 3538 875 3596 tuendis

196 3611 349 3684 Amnibus,
364 3623 393 3669 et
406 3611 512 3670 Rheno
526 3624 609 3687 atque
623 3613 704 3672 Istro.
746 3613 885 3674 Praestare
899 3617 1045 3676 Neronem
1127 3619 1185 3680 170

196 3689 337 3746 Securum
351 3692 425 3748 valet
439 3691 501 3748 brec
516 3701 592 3750 aetas.
634 3689 718 3751 Mitte
732 3693 824 3768 Ostia,
839 3694 947 3770 Caesar,

196 3765 299 3838 Mitte3
320 3769 371 3826 sed
385 3768 415 3826 in
427 3769 532 3844 magud
545 3770 670 3847 legatum
684 3791 778 3848 quaere
792 3773 906 3849 popinf.

195 3843 329 3904 Invenies
343 3845 436 3922 aliquo
450 3865 516 3906 cum
529 3868 695 3925 percussore
707 3851 861 3928 jacentem,

511 4133 520 4168 l
