2646 4416
227 371 268 435 94
565 371 595 418 n.
613 371 725 420 onusti
743 371 865 420 resecr

228 511 328 570 Eetion
341 512 514 587 ingeminat:
534 515 704 589 reparabilis
718 523 831 571 assonat
844 513 935 571 Echo.

229 591 302 650 Haeo
316 592 425 664 fierent,
439 593 463 649 si
477 593 600 650 testiculi
613 612 685 650 vena
698 594 755 650 ulla
767 593 877 669 paterni

228 671 345 729 Viveret
358 671 388 728 in
401 671 504 729 nobisl
525 673 636 730 summi
650 673 782 730 delumbe
796 673 883 730 salivit
1313 709 1314 718 1

229 749 295 808 Hoc
309 761 387 808 natat
400 751 430 808 in
444 750 540 823 labris,
555 763 583 810 et
597 751 627 808 in
641 753 698 810 udo
711 763 755 810 est
766 750 877 808 Menas
890 759 919 806 et
932 749 1038 808 Attin:
1152 751 1215 811 105

228 828 294 886 Nec
307 830 434 905 pluteum
447 831 541 902 caedit,
555 849 609 888 nec
623 831 767 890 demorsos
781 830 854 906 sapit
867 848 985 906 ungues.
1313 829 1314 840 *

269 910 345 966 ‘Sed
359 909 426 983 quid
440 929 510 985 opus
524 921 637 967 teneras
649 910 773 968 mordaci
787 911 886 967 radere
899 927 964 967 vero

229 986 406 1046 Auriculasl
426 989 551 1060 videsis,
566 1008 603 1046 ne
617 990 754 1065 majorum
767 989 820 1047 tibi
835 986 905 1048 sorte

229 1065 343 1124 Limina
357 1067 523 1142 frigescant:
545 1080 626 1126 sonat
641 1068 689 1126 hic
704 1069 739 1126 de
753 1088 822 1126 nare
836 1069 940 1126 canina

229 1144 353 1204 Littera!
395 1147 449 1204 Per
463 1167 509 1206 me
523 1147 652 1223 equidem
667 1147 723 1209 sint
733 1148 828 1204 omnia
841 1148 968 1222 protinus
981 1145 1053 1218 alba,
1152 1147 1213 1204 110

229 1223 279 1282 Nil
294 1245 393 1284 moror.
435 1227 533 1303 Eugel
555 1247 663 1299 omnes,
677 1246 776 1284 omnes
790 1228 864 1285 hene
878 1227 956 1284 mirre
970 1225 1048 1284 eritis
1060 1244 1114 1284 res

167 1359 168 1362 ,
229 1304 295 1362 Hoc
306 1305 407 1381 juvatl
447 1305 516 1378 Hic,
528 1307 630 1381 inquis,
644 1319 707 1364 veto
720 1307 866 1381 quisquam
882 1307 950 1364 laxit
959 1306 1072 1364 oletum.

228 1383 320 1459 Pinge
335 1386 407 1442 duos
417 1404 541 1460 angues:
562 1387 651 1462 pueri,
666 1405 746 1447 sacer
760 1397 802 1444 est
815 1387 910 1442 locus:
931 1383 1012 1444 extrb

229 1461 348 1522 Meiite:
369 1465 493 1522 discedo.
536 1465 634 1530 Secuit
648 1465 775 1522 Lucilius
789 1465 904 1536 Urbem,

229 1541 285 1613 Te,
300 1543 389 1620 Lupe,
404 1555 441 1617 te,
456 1543 546 1616 Muci,
560 1556 588 1601 et
601 1544 758 1620 genuinum
773 1544 856 1619 fregit
865 1544 895 1602 iu
909 1545 972 1604 illis.
1152 1545 1211 1602 115

228 1620 324 1680 Omne
339 1624 415 1681 vafer
429 1625 525 1682 vitium
540 1623 643 1681 ridenti
654 1623 776 1682 Flaccus
790 1623 881 1680 amico

229 1696 347 1778 Tangit,
358 1714 388 1760 et
401 1704 540 1761 admissus
554 1703 663 1763 circum
676 1703 832 1778 praecordia
844 1703 927 1778 ludit,¹

229 1779 357 1838 Callidus
369 1801 488 1840 excusso
501 1783 636 1858 populum
650 1784 822 1858 suspendere
836 1803 914 1840 naso.

229 1857 308 1917 Men’
324 1862 426 1917 mutire
440 1861 529 1932 nesea,
540 1879 595 1923 nec
609 1860 693 1932 clam,
708 1881 763 1918 nec
776 1880 842 1917 cum
856 1861 975 1918 scrobel
1023 1859 1201 1937 ‘Nusqum'

229 1937 290 2000 Hic
303 1949 398 1996 tamen
413 1939 566 1998 infodiam:
588 1939 666 2010 Vidi,
678 1941 734 1996 vidi
746 1941 814 2016 ipse,
829 1939 932 2010 libelle,
1151 1939 1203 2000 ltu

230 2017 383 2075 Auriculas
398 2019 469 2076 asini
484 2017 565 2076 Mida
578 2038 627 2078 rex
641 2019 742 2076 habet:
764 2020 818 2076 boc
832 2037 886 2094 ego
898 2029 1038 2095 opertum,

230 2095 295 2154 Hoc
309 2097 401 2156 ridere
415 2117 520 2169 meum,
532 2108 590 2156 tam
604 2097 654 2170 nil,
669 2097 747 2157 uulld
758 2098 808 2155 tibi
822 2099 914 2156 vendo

229 2174 329 2233 Iliade.
372 2177 495 2247 Audaci,
509 2177 682 2252 quicunque,
697 2177 788 2234 afflate
802 2177 929 2249 Cratin0,

230 2255 338 2314 Iratum
353 2256 521 2333 Eupolidem
534 2257 694 2332 pregrandi
708 2276 775 2313 cum
788 2276 857 2314 sene
867 2257 964 2332 palles,

229 2335 338 2410 Aspice
350 2347 379 2393 et
389 2338 460 2408 hec,
474 2335 498 2393 si
512 2332 583 2393 forte
599 2336 703 2411 aliquid
718 2336 863 2394 decoctius
877 2335 966 2393 audis.
1152 2335 1211 2394 125

229 2413 303 2472 Inde
318 2416 449 2491 vaporatis
463 2416 551 2474 lector
565 2415 635 2472 mihi
650 2415 756 2472 ferveat
770 2433 853 2472 aure:

229 2492 297 2552 Non
312 2495 369 2567 hic,
383 2495 431 2572 qui
445 2497 475 2552 in
489 2495 617 2571 crepidas
627 2495 776 2552 Graiorum
791 2493 889 2552 ludere
902 2494 986 2570 gestit

229 2572 377 2646 Sordidus,
392 2586 420 2632 et
430 2576 510 2632 lusco
523 2575 570 2650 qui
584 2574 676 2649 poscit
689 2574 795 2646 dicere,
810 2573 914 2646 Lusce,

230 2653 300 2709 Sese
315 2653 435 2728 aliquem
449 2655 579 2724 credens,
594 2653 667 2712 Italo
680 2650 755 2728 qubd
769 2653 875 2710 honore
888 2652 1007 2730 supinus

228 2730 358 2807 Fregerit
369 2733 499 2793 heminas
513 2730 595 2792 Arcti
610 2732 698 2788 aedilis
712 2733 838 2806 iniquas:
1168 2731 1210 2790 30

228 2809 293 2866 Neo
306 2811 353 2886 qui
366 2812 455 2868 abaco
468 2829 611 2881 numeros
626 2822 654 2867 et
669 2822 746 2868 secto
760 2811 789 2868 in
803 2811 918 2886 pulvere
932 2820 1031 2882 metas,

229 2888 291 2951 Scit
303 2889 397 2948 risisse
410 2889 495 2961 vafer,
510 2885 629 2956 multirm
644 2890 768 2964 gaudere
780 2899 906 2964 paratus,

228 2967 261 3024 Si
275 2967 386 3044 Cynico
401 2969 515 3034 barbam
529 2969 658 3044 petulans
672 2969 788 3026 nonaria
801 2968 893 3025 vellat.

228 3045 284 3105 His
297 3067 382 3107 mane
396 3049 532 3121 edictum,
546 3058 609 3124 post
618 3047 737 3124 prandia
750 3047 914 3109 Callirhoen
929 3046 974 3106 do.

562 3243 866 3258 w———t—

608 3374 765 3433 SATIRA
787 3373 827 3432 11.

495 3533 544 3582 AD
563 3531 720 3580 PLOTIUM
736 3529 934 3580 MACRINUM

577 3693 618 3732 nn
639 3678 720 3734 nont
740 3691 856 3732 nenne.

269 3832 371 3906 Hunc,
387 3833 526 3906 Macrine,
541 3833 616 3890 diem
630 3851 749 3890 numera
763 3833 879 3890 meliore
892 3832 998 3908 lapillo,

228 3913 290 3982 uui
304 3913 355 3970 tibi
369 3913 496 3970 labentes
509 3911 624 3988 apponit
637 3911 775 3971 candidus
788 3931 885 3970 annos.

230 3991 332 4050 Funde
344 4010 452 4048 merum
466 3991 577 4051 Genio:
598 4010 656 4048 non
668 4002 699 4048 tu
713 4009 797 4066 prece
810 3991 904 4068 poscis
916 3987 1008 4054 emaci
