2646 4416
429 380 433 410 ι
487 372 622 442 aarum
639 373 723 452 mv.¹
751 397 755 404 -

105 514 168 572 Hic
181 525 227 573 est
241 512 310 592 ergb
324 516 404 574 cibus
418 517 514 592 magni
527 533 636 592 quoque
650 518 777 590 vulturis,
790 527 863 576 etse

104 593 268 666 Pascentis‚
282 595 393 670 propria
406 615 491 669 quum
500 595 557 670 jam
573 596 640 654 facit
654 597 752 655 arbore
765 599 855 658 nidos.

105 673 165 730 Sed
179 675 307 748 leporem
322 686 369 730 aut
382 694 512 749 capream
527 676 640 734 samuiae
652 675 729 736 Jovis
740 687 770 734 et
783 697 927 753 generose

104 751 139 810 In
156 753 233 810 saltu
247 763 384 810 venantur
396 770 478 812 aves:
496 755 564 812 hinc
577 756 672 830 praeda
686 756 773 814 cubili

21 881 22 896 ἶ
104 830 246 890 Ponitur:
269 832 335 891 inde
350 843 454 903 autem,
468 852 554 907 quum
568 854 598 890 se
612 847 721 892 matura
733 833 832 893 levarit

19 923 21 984 j
105 912 274 988 Progenies,
289 912 449 984 stimulante
464 913 547 984 same,
563 913 675 970 festinat
690 915 724 980 ad
740 913 826 986 illam,

20 1047 21 1056 ¹
104 991 207 1054 Quam
220 988 343 1066 primirm
357 992 480 1066 praedam
494 1004 576 1066 rupto
589 1004 748 1068 gustaverat
761 1012 821 1052 ovo.

19 1135 20 1148 p
144 1069 318 1130 AEdificator
330 1082 391 1128 erat
405 1069 565 1141 Cerronius,
577 1084 605 1129 et
620 1069 703 1130 modb
715 1091 801 1131 curvo

19 1165 20 1212 j
108 1149 216 1206 Littore
231 1148 475 1225 Cajetae,„summd
489 1169 568 1209 nunc
582 1149 700 1209 Tiburis
714 1170 789 1223 arce,

110 1227 196 1285 Nunc
210 1229 393 1286 Praenestinis
408 1228 438 1290 in
452 1230 602 1300 montibus
617 1229 673 1290 alta
685 1230 802 1306 parabat

108 1308 244 1364 Culmina
257 1307 395 1378 villarum,
410 1308 519 1382 Grecis
532 1307 673 1384 longeque
686 1309 781 1385 petitis

108 1387 310 1457 Marmoribus‚
325 1387 441 1444 vincens
455 1386 479 1444 F
480 1399 589 1444 ortunae
603 1400 685 1464 atque
698 1389 833 1448 Herculis
846 1391 947 1463 aedem,
1048 1389 1091 1450 90

107 1466 145 1524 Ut
156 1467 248 1542 spado
261 1467 391 1523 vincebat
405 1465 545 1542 Capitolia
560 1479 654 1526 nostra
665 1467 791 1526 Posides.

107 1545 187 1602 Dum
200 1547 243 1602 sic
256 1543 326 1620 ergd
342 1546 448 1602 habitat
462 1546 622 1617 0011001110,
636 1547 778 1605 imminuit
792 1567 861 1622 rem,

112 1624 207 1700 Fregit
219 1645 304 1700 opes;
326 1645 379 1682 nec
393 1644 476 1700 parva
491 1637 585 1682 tamen
599 1645 732 1684 mensura
745 1627 851 1684 relictae

115 1703 203 1762 Partis
215 1717 273 1761 erat
287 1723 293 1760 :
315 1715 403 1760 totam
415 1705 488 1770 hanc
502 1705 622 1762 turbavit
635 1705 709 1762 filius
723 1725 830 1778 amens,

112 1782 187 1840 Dum
200 1782 315 1842 meliore
329 1801 415 1840 novas
430 1783 528 1840 attollit
542 1802 679 1842 marmore
693 1784 779 1842 villas.

147 1863 278 1924 Quidam
292 1861 382 1919 sortiti
396 1872 569 1932 metuentem
583 1863 699 1922 sabbata
713 1878 831 1939 patrem,

111 1941 155 2000 Ni]
168 1955 274 2018 praeter
288 1942 378 1998 nubes
392 1953 420 1998 et
433 1941 497 2000 ooeli
512 1961 617 2000 numen
632 1943 765 2012 adorant;

113 2021 169 2078 Nec
184 2022 291 2078 distare
305 2031 405 2095 putant
420 2022 544 2078 humana
558 2041 645 2080 carne
658 2023 779 2095 suillam,

115 2099 174 2162 Qua
187 2112 269 2176 pater
285 2100 419 2157 abstinuit
427 2119 434 2168 ;
455 2119 521 2158 mox
533 2112 561 2158 et
576 2101 711 2176 praeputia
724 2113 850 2177 ponunt:

116 2179 256 2236 Romanas
272 2191 365 2236 autem
380 2179 454 2235 soliti
467 2191 649 2237 contemnere
662 2179 740 2254 leges
1031 2182 1087 2242 lffl

113 2257 263 2318 Judaicum
279 2259 419 2328 ediscunt,
433 2270 462 2316 et
476 2269 596 2328 serrant,
611 2277 645 2314 ac
659 2269 788 2316 metuunt
800 2259 856 2334 jus,

112 2335 241 2395 Tradidit
257 2357 360 2396 arcano
373 2338 562 2412 quodcunque
577 2337 717 2394 volumine
733 2335 836 2396 Moses

112 2417 172 2474 Non
188 2429 344 2475 monstrare
359 2417 426 2488 vias,
442 2417 542 2474 eadem
557 2415 611 2474 nisi
622 2435 703 2476 sacra
715 2418 837 2486 colenti3

115 2497 271 2558 Quaesitum
288 2497 322 2552 ad
337 2496 441 2554 fontem
456 2496 529 2557 solos
540 2497 681 2552 deducere
696 2515 801 2571 verpos.
851 2531 853 2538 ,

120 2574 168 2632 Sed
179 2588 258 2652 pater
272 2575 302 2632 in
316 2576 411 2642 causa,
426 2574 473 2630 cui
488 2575 605 2649 septima
618 2593 735 2648 quaeque
750 2575 802 2632 fuit
815 2576 864 2632 lux
1031 2577 1086 2636 loa

121 2651 214 2730 Ignara
228 2667 258 2712 et
271 2665 379 2729 partem
395 2654 457 2710 vitae
472 2673 529 2710 non
545 2653 635 2728 attigit
649 2652 742 2710 ullam.

153 2735 254 2810 Sponte
268 2747 364 2791 tamen
372 2733 489 2809 juvepes
505 2732 649 2794 imitantur
664 2743 785 2810 qaetera:
806 2735 895 2794 solam

116 2811 191 2870 inriti
206 2831 317 2888 quoque
333 2813 475 2870 avaritiam
488 2833 619 2870 exercere
630 2813 773 2888 jubentur.

111 2891 192 2957 Fallit
205 2892 282 2952 enim
297 2889 394 2948 vitium
408 2892 502 2966 specie
516 2893 625 2952 virtutis
638 2905 667 2950 et
681 2895 792 2967 umbra,

108 2972 207 3034 Quum
221 2971 258 3030 sit
271 2971 349 3028 triste
363 2971 461 3028 babitu
475 2971 607 3046 vultuque
621 2984 649 3030 et
663 2985 739 3033 veste
753 2994 891 3034 severum.
1018 2973 1088 3038 xllil
1117 2994 1122 3004 ”

107 3051 172 3110 Nec
187 3048 286 3121 dubie,
300 3061 434 3125 tanquam
448 3049 531 3126 frugi,
545 3051 676 3108 laudatur
690 3071 800 3122 avarus

107 3130 261 3206 Tanquam
274 3149 377 3204 parcus
392 3131 485 3198 homo,
500 3141 528 3185 et
542 3147 635 3184 rerum
649 3129 737 3186 tutela
750 3149 865 3189 suarum

107 3211 196 3270 Certa
209 3205 311 3284 magis,
325 3205 409 3283 quam
424 3207 448 3264 si
463 3207 587 3264 fortunas
600 3217 690 3264 servet
703 3208 816 3264 easdem

107 3288 302 3365 Hesperidum
315 3307 430 3363 serpens
444 3298 492 3344 aut
506 3285 649 3342 Ponticus,
688 3285 774 3344 Adde
788 3283 864 3362 qubd
878 3289 965 3361 bunc,
979 3287 1016 3348 de

105 3369 176 3432 Quo
189 3369 296 3442 loquor,
311 3367 457 3445 egregium
470 3365 588 3442 populus
601 3375 680 3440 putat
694 3365 859 3442 acquirendi
1029 3369 1088 3432 115

106 3449 278 3508 Artificem:
299 3446 400 3520 quippe
415 3445 458 3502 his
473 3455 606 3504 crescunt
618 3443 786 3519 patrimonia
799 3445 901 3510 fabris.¹

107 3529 168 3586 Sed
183 3537 496 3600 crescuntquocunque
510 3524 603 3595 modo,
617 3525 776 3602 majoraque
789 3525 861 3584 fiunt

72 3653 76 3658 .
107 3607 220 3664 Incude
235 3605 356 3674 assiduat,
371 3623 534 3680 semperque
548 3605 663 3662 ardente
678 3605 797 3664 caurino.
891 3639 893 3643 >

107 3686 148 3760 Et
160 3697 239 3762 pater
253 3682 319 3760 ergd
335 3683 420 3740 animi
436 3684 531 3740 felices
545 3683 634 3740 credit
648 3703 752 3754 avaros,

106 3765 170 3826 Qui
185 3765 300 3821 miratur
313 3781 389 3838 opes,
404 3763 451 3834 qui
466 3764 544 3820 nulla
556 3763 684 3838 exempla
698 3763 770 3820 beati
1031 3765 1108 3834 123³

109 3845 248 3920 Pauperis
260 3862 321 3900 esse
335 3853 414 3917 putat
450 3841 569 3916 juvenes
582 3844 716 3913 bortatur,
731 3854 761 3900 ut
774 3843 850 3900 illam

109 3923 157 3980 Ire
171 3923 243 3980 viam
257 3931 383 3998 pergant,
398 3934 426 3978 et
440 3921 530 3980 eidem
546 3923 709 3980 incumbere
724 3935 816 3980 sectas.

347 4000 393 4056 7*
