2628 4430
130 407 236 468 *68
385 361 403 444 .'
504 407 537 456 n.
555 407 651 457 Jurvu
667 407 862 458 Juvarvams

195 547 270 606 Tres
283 548 368 606 habet
381 549 514 606 harredes.
555 551 639 608 Libet
652 562 824 626 exspectare,
838 552 900 626 quis
914 570 1017 628 aegram

198 625 234 685 Et
247 628 424 684 claudentem
438 629 535 687 oculos
548 630 682 705 gallinam
697 630 841 705 impendat
855 631 946 690 amico

196 703 270 763 'Pam
284 707 378 764 sterili.
420 706 528 765 Verirm
542 709 603 766 haec
617 709 705 766 nimia
718 721 760 765 est
773 709 916 785 impensa:
938 710 1067 768 coturnix
1133 710 1176 768 95

194 783 283 842 Nulla
297 803 422 860 unquam
433 803 483 861 pro
496 799 574 862 patre
588 787 678 844 cadet.
719 787 833 844 Sentire
846 789 968 847 calorem

195 863 227 920 Si
241 864 325 939 coepit
338 864 464 940 locuples
477 866 590 939 Gallita,
600 877 628 923 et
643 866 772 937 Paccius,
787 867 858 939 orbi,

194 938 335 1018 Legitime
350 942 412 1000 lixis
426 944 540 1002 vestitur
554 955 611 1003 tota
623 943 732 1002 tabellis

193 1019 340 1078 Porticus:
361 1021 508 1094 exsistunt,
523 1025 569 1098 qui
584 1025 746 1100 promittant
759 1024 955 1096 hecatomben,

192 1097 347 1159 Quatenus
358 1099 405 1158 hic
420 1119 476 1158 non
491 1114 557 1160 sunt
570 1122 624 1159 nec
638 1103 751 1160 venales
764 1104 917 1178 elephanti,
1118 1103 1174 1161 tou

192 1176 259 1236 Nec
273 1178 364 1250 Latio,
379 1192 427 1238 aut
441 1199 558 1255 usquam
573 1193 667 1238 nostro
683 1182 735 1238 sub
749 1182 841 1239 sidere
855 1183 917 1240 talis

193 1256 291 1316 Bellua
305 1258 477 1334 concipitur;
499 1261 549 1316 sed
565 1261 642 1318 lurvb
655 1271 739 1335 gente
753 1261 840 1336 petita
885 1289 888 1302 ·

192 1337 350 1394 Arboribus
364 1337 481 1396 Rutulis
494 1350 522 1396 et
536 1339 629 1396 Turni
643 1341 767 1414 pascitur
782 1359 859 1416 agro,

192 1415 314 1472 Caesaris
329 1430 496 1488 armentum,
511 1419 581 1475 nulli
595 1419 698 1474 servire
712 1430 839 1493 paratum

192 1493 323 1554 Privato:
346 1496 483 1570 siquidem
497 1496 587 1572 Tyrio
598 1515 697 1572 parere
712 1498 840 1555 solebant
1115 1499 1172 1556 1⁰5

192 1572 357 1645 Hannibali,
372 1585 400 1631 et
413 1576 515 1634 nostris
529 1575 659 1648 ducibus,
673 1577 788 1651 regique
802 1576 935 1650 Molosso,

192 1651 302 1712 Horum
316 1653 447 1728 majores,
461 1673 496 1712 ac
510 1657 592 1712 dorso
606 1655 677 1712 serre
692 1656 830 1727 cohortes,

191 1731 304 1788 Partem
318 1732 438 1806 aliquam
454 1734 529 1805 belli,
543 1745 572 1790 et
585 1745 699 1791 euntem
715 1735 742 1790 in
757 1736 853 1810 proelia
866 1735 972 1792 turrim.

191 1809 281 1866 Nulla
293 1809 379 1884 igitur
392 1829 470 1868 mora
483 1833 532 1887 per
546 1812 680 1884 Novium,
695 1831 772 1870 mora
786 1813 864 1872 nulla
876 1833 925 1890 per
939 1813 1069 1872 Histrum

191 1887 357 1960 Pacuvium,
372 1890 440 1963 quin
456 1891 524 1947 illud
538 1891 608 1948 ebur
622 1893 740 1948 ducatur
755 1893 790 1948 ad
805 1911 876 1964 aras,
1115 1894 1172 1951 110

191 1967 229 2026 Et
242 1969 325 2026 cadat
338 1979 404 2026 ante
419 1968 491 2026 lares
504 1969 625 2040 Gallitae,
640 1969 753 2026 victima
766 1971 825 2028 sola

133 2055 139 2062 “
191 2047 294 2106 Tantis
307 2048 395 2122 digna
407 2047 477 2120 deis,
491 2059 520 2104 et
533 2049 721 2126 captatoribus
735 2050 842 2106 horum.

191 2127 271 2185 Alter
285 2127 371 2198 enim,
385 2125 409 2182 si
423 2128 564 2184 concedas
578 2121 715 2202 mactare,
724 2129 833 2186 vovebit

190 2204 235 2266 Da
249 2225 336 2282 grege
350 2223 492 2263 servorum
506 2225 610 2282 magna
623 2219 671 2265 aut
685 2208 874 2284 pulcherrima
887 2227 1004 2285 quaeque

190 2284 329 2361 Corpora3
351 2286 393 2342 vel
408 2287 502 2360 pueris
516 2297 544 2343 et
559 2287 696 2344 frontibus
710 2288 876 2345 ancillarum
1113 2289 1170 2348 115

190 2363 320 2442 Imponet
334 2365 433 2433 vittas;
455 2377 492 2435 et,
507 2366 529 2422 si
543 2377 654 2440 quaest
668 2367 773 2424 nubilis
787 2365 826 2424 illi

190 2441 339 2520 Iphigenia
353 2444 438 2513 domi,
453 2445 530 2502 dabit
544 2445 618 2501 hanc
632 2445 781 2514 altaribus;
802 2445 855 2504 etsi

189 2521 256 2580 Non
271 2534 363 2598 sperat
376 2523 490 2598 tragicae
504 2523 604 2580 furtiva
616 2525 727 2600 piacula
738 2543 835 2582 cervae.

189 2601 290 2660 Laudo
302 2619 397 2658 meum
412 2603 512 2673 civem,
527 2623 581 2660 nec
595 2623 728 2680 comparo
739 2613 907 2662 testamento

190 2678 270 2736 Mille
283 2691 372 2736 rates:
393 2699 469 2751 nam,
484 2681 507 2736 si
522 2681 674 2738 Libitinam
688 2683 807 2740 evaserit
818 2701 901 2760 aeger,
1112 2683 1168 2744 120

189 2757 303 2816 Delabit
316 2758 434 2829 tabulas,
448 2758 574 2816 inclusus
587 2779 700 2817 carcere
714 2779 815 2834 nassae,
1092 2781 1098 2792 ⁸

188 2835 256 2893 Post
269 2837 399 2894 meritum
410 2834 479 2894 sane
494 2837 662 2909 mirandum,
675 2850 757 2914 atque
770 2839 867 2896 omnia
880 2839 932 2898 soli

190 2913 300 2972 Forsan
315 2914 438 2972 Pacuvio
452 2915 570 2972 breviter
584 2917 669 2974 dabit.
711 2917 764 2974 Ille
778 2918 914 2994 superbus

188 2993 308 3052 lncedet
321 2993 401 3052 victis
414 2993 553 3051 rivalibus
596 2993 673 3070 Ergd
687 2997 775 3069 videS,
789 2995 874 3072 quium

187 3073 303 3131 Grande
316 3091 407 3150 operae
420 3074 540 3150 pretium
556 3073 640 3131 saciat
651 3075 779 3150 jugulata
792 3073 931 3151 Mycenis.
1111 3079 1167 3140 125

227 3151 311 3209 Vivat
326 3151 475 3223 Pacuvius,
489 3171 593 3227 quasso,
608 3155 653 3210 vel
665 3155 786 3212 Nestora
799 3167 904 3213 totum:

188 3229 341 3302 Possideat,
356 3243 492 3305 quantum
506 3233 597 3306 rapuit
611 3233 706 3291 Nero:
727 3233 869 3292 montibus
884 3251 982 3292 aurum

188 3305 323 3386 Exaequet
331 3328 339 3379 ;
360 3324 415 3367 nec
429 3325 504 3367 amet
516 3329 685 3386 quenquam,
700 3331 755 3370 nec
769 3324 876 3371 ametur
891 3313 926 3371 ab
940 3313 1015 3372 ullo!
