2628 4430
228 367 269 428 60
539 367 571 415 D.
587 367 684 416 JUNll
700 367 896 416 JUVENALIS

229 508 362 585 Corporis
376 509 483 586 egregii
498 511 614 568 miseros
627 509 806 586 trepidosque
820 519 953 586 parentes
1160 509 1224 570 29⁰

229 590 347 664 Semper
361 589 452 646 habet.
495 589 574 646 Rara
587 602 630 646 est
645 587 715 646 aded
730 589 881 646 concordia
896 589 991 646 sormae

229 668 323 742 Atque
337 669 489 742 pudicitie.
531 667 651 726 Sanetus
665 667 733 726 licet
748 668 860 726 horrida
873 687 965 726 mores

228 745 391 804 Tradiderit
404 747 513 818 domus,
527 765 561 804 no
575 759 682 804 veteres
695 747 802 805 imitata
816 747 946 820 Sabinos,

229 825 368 882 Praeterea
381 836 490 884 castum
504 826 649 900 ingenium
664 825 825 900 vultumque
839 827 965 886 modesto

228 904 376 980 Sanguine
391 903 544 964 ferventem
558 905 661 962 tribuat
674 917 774 964 natura
789 905 913 980 benigna
1161 903 1224 964 295

230 981 321 1058 Larga
335 1002 439 1052 manu;
462 983 541 1060 (quid
556 983 632 1042 enim
647 1002 734 1059 puero
748 983 876 1042 conferre
889 994 981 1059 potest
992 981 1059 1060 plus

228 1061 354 1119 Custode
363 1073 391 1120 et
405 1063 475 1120 cura
489 1075 588 1120 natura
601 1063 740 1138 potentior
753 1063 831 1122 omni
839 1063 864 1139 l)

228 1139 295 1198 Non
310 1141 376 1200 licet
389 1161 451 1198 esse
465 1141 549 1200 viris:
570 1160 636 1198 narn
650 1143 767 1218 prodiga
780 1141 949 1218 corruptoris

228 1217 396 1294 improbitas
410 1221 484 1296 ipsos
498 1221 583 1278 audet
595 1234 703 1278 tentare
717 1232 895 1296 parentes.-
974 1273 982 1284 ,

228 1297 287 1356 Sed
301 1312 379 1357 casto
392 1300 459 1374 quid
474 1299 562 1358 forma
576 1301 680 1356 nucetl
701 1300 768 1374 quid
783 1299 885 1375 profuit
898 1300 984 1358 immo
1160 1299 1223 1358 3⁰0

230 1376 381 1454 Hippolyto
395 1397 479 1454 grave
492 1378 663 1454 propositum
676 1379 688 1435 l
709 1379 776 1453 quid
793 1378 1022 1455 Bellerophonti?

216 1455 349 1514 'Erubuit
363 1475 464 1533 nempe
478 1457 549 1528 haec,
563 1475 616 1514 ceu
632 1457 761 1528 fastidita,
773 1457 892 1532 repulsa.
913 1527 924 1537 ⁸

228 1533 293 1593 Nec
307 1537 478 1594 Stheneboea
491 1537 594 1607 minda,
608 1535 693 1611 qudm
707 1535 819 1608 Cressa,
833 1535 994 1609 excanduit,
1008 1547 1038 1596 et
1050 1555 1086 1596 se

227 1615 407 1674 concussere
420 1615 517 1674 ambae.
560 1615 663 1674 Mulier
678 1615 830 1674 serissima
843 1625 912 1672 tuno
924 1626 977 1687 est,

226 1693 327 1756 Quum
341 1695 468 1752 stimulos
477 1696 543 1754 odio
555 1694 644 1772 pudor
658 1695 796 1752 admovet.
837 1692 920 1770 Elige
932 1694 1070 1770 quidnam
1157 1695 1218 1754 305

228 1773 413 1830 Suadendurn
425 1793 489 1832 esse
501 1787 592 1850 putes,
607 1774 654 1832 oui
668 1775 774 1832 nubere
788 1772 909 1830 Caesaris
923 1792 991 1832 uxor

228 1849 378 1909 Destinatt
417 1849 551 1927 Optimus
564 1853 610 1909 hio
624 1864 653 1910 et
668 1851 882 1910 formosissimus
897 1852 971 1910 idern

179 1933 181 1941 ’
227 1930 329 1988 Gentis
342 1929 468 2006 patricie
481 1931 587 2006 rapitur
602 1932 687 1988 miser
702 1931 925 2006 exstinguendus

228 2007 389 2066 Messalina
402 2009 507 2068 oculis:
529 2011 636 2069 dudum
650 2011 730 2068 sedet
744 2009 790 2066 illa
804 2026 900 2085 parato

228 2087 411 2155 Flamrneolo.
426 2086 585 2163 Tyriusque
599 2087 691 2165 palalm
705 2089 824 2165 genialis
838 2089 866 2146 in
882 2089 971 2146 hortis
1013 2137 1017 2150 ,
1155 2091 1215 2150 310

227 2167 379 2240 Sternitur,
394 2178 423 2224 et
438 2187 492 2228 rau
506 2169 602 2226 decies
616 2180 737 2226 centena
750 2169 891 2226 dabuntur

228 2247 373 2322 Antiqua:
395 2249 488 2305 reniet
502 2267 567 2304 cum
579 2247 767 2323 signatoribus
778 2267 891 2324 auspex.

229 2325 301 2384 Hae
314 2339 344 2384 tu
358 2337 467 2384 secreta
479 2337 509 2384 et
522 2327 620 2401 paucis
633 2329 784 2384 commissa
797 2327 934 2402 putabasl

227 2403 305 2477 Non,
321 2405 374 2462 nisi
388 2403 525 2482 legitime,
540 2406 597 2464 vult
610 2407 725 2466 nubere.
765 2405 845 2466 Quid
860 2404 979 2482 placeat,
993 2405 1058 2464 dic:

227 2482 267 2542 Ni
282 2504 380 2562 parere
394 2485 472 2556 velis,
485 2486 660 2560 pereundum
676 2485 728 2542 erit
742 2495 807 2542 ante
820 2485 968 2542 lucernas:
1151 2485 1212 2544 315

226 2563 259 2620 Si
273 2563 366 2621 scelus
379 2565 519 2634 admittas,
533 2564 645 2622 dabitur
658 2583 736 2622 mora
750 2563 873 2640 parvula,
888 2563 956 2622 dum
969 2581 1014 2622 rea
1131 2633 1134 2643 Δ

227 2639 303 2700 Nota
319 2642 386 2700 Urbi
397 2655 425 2700 et
438 2643 541 2719 populo
554 2643 699 2717 contingat
712 2642 851 2718 Principis
865 2661 955 2700 aures.

227 2719 360 2778 Dedecus
374 2721 420 2778 ille
435 2723 535 2780 domnis
548 2722 619 2779 aciat
633 2722 763 2780 ultimus:
784 2722 891 2780 interea
898 2733 929 2780 tu

225 2799 392 2874 Obsequere
408 2800 534 2876 imperio,
548 2800 584 2856 eit
598 2801 668 2857 tanti
683 2801 737 2858 vita
751 2801 860 2858 dierum

227 2876 395 2936 Paucorum.
436 2877 584 2952 Quidquid
598 2879 699 2936 melius
712 2879 856 2954 leviusque
870 2878 987 2954 putdrie,
1148 2879 1208 2938 82⁰

226 2955 384 3016 Praebenda
396 2970 440 3018 eat
452 2957 547 3032 gladio
559 2957 677 3032 pulchra
690 2959 751 3016 haec
764 2969 793 3014 et
806 2957 928 3016 candida
941 2957 1044 3014 cervix.

265 3034 315 3094 Nil
328 3035 397 3111 ergd
411 3037 547 3114 optabunt
562 3037 711 3096 hominesl
752 3037 783 3094 Si
797 3035 946 3094 consilium
960 3035 1011 3110 ris,

226 3113 375 3174 Permittes
388 3117 455 3194 ipsis
466 3116 625 3191 expendere
638 3114 811 3187 numinibus,
821 3113 888 3190 quid

225 3191 384 3254 Conveniat
397 3196 488 3266 nobis,
502 3193 640 3270 rebusque
654 3195 691 3252 sit
704 3195 772 3252 utile
786 3196 895 3254 nostris.

225 3271 255 3328 N
257 3275 301 3330 a'm
315 3293 365 3349 pro
376 3274 510 3351 jucundis
520 3274 662 3348 aptissima
675 3293 793 3350 quaeque
806 3273 914 3332 dabunt
926 3271 956 3330 di
1144 3273 1204 3332 335

225 3353 325 3412 Carior
339 3365 382 3411 est
395 3354 449 3411 illis
463 3353 555 3422 homo,
569 3349 653 3426 quam
668 3353 729 3410 sibi.
770 3351 832 3409 Nos
847 3352 1003 3412 animorum

226 3431 362 3508 Impulsu,
377 3443 406 3490 et
419 3431 497 3488 oeae
510 3431 669 3505 magnique
682 3431 815 3506 cupidine
829 3431 908 3488 ducti

225 3511 397 3587 conjugium
410 3510 541 3585 petimus,
556 3522 721 3585 partumque
736 3510 847 3568 uxoris:
867 3520 896 3567 at
910 3508 965 3568 illis

225 3588 344 3662 Notum,
357 3590 405 3664 qui
418 3588 509 3666 pueri,
522 3587 666 3662 qualisque
680 3589 771 3646 futura
785 3588 821 3645 sit
835 3607 911 3646 uxor.

226 3665 263 3726 Ut
276 3677 370 3724 tamen
384 3679 412 3725 et
425 3685 524 3744 poscas
538 3667 652 3741 aliquid,
667 3685 820 3742 voveasque
834 3666 946 3724 sacellis
1139 3663 1199 3724 333
1294 3697 1295 3719 t

225 3744 308 3816 Exta,
322 3757 351 3802 et
363 3743 509 3803 candiduli
523 3746 620 3802 divina
633 3745 774 3804 tomacula
787 3745 882 3822 porci;

223 3821 373 3883 Orandum
387 3835 439 3894 est,
450 3835 481 3880 ut
494 3823 530 3880 sit
542 3842 623 3882 mens
635 3844 704 3882 sana
717 3824 874 3900 incorpore
887 3842 964 3882 sano.

225 3899 339 3961 Fortem
352 3921 437 3978 posce
451 3902 587 3976 animum,
601 3905 697 3962 mortis
712 3915 816 3963 terrore
830 3914 983 3976 carentem,
