2646 4416
216 365 257 429 92
555 368 586 414 r.
604 367 715 419 hausu
733 368 855 420 surccr

257 507 416 566 Scribimus
429 507 542 583 inclusi,
557 528 692 570 numeros
703 511 761 584 ille,
775 511 823 572 hic
837 512 909 588 pede
922 509 1006 584 liber,
1182 576 1184 586 ,

216 587 332 646 Grande
347 587 461 664 aliquid,
475 590 549 664 quod
563 589 659 666 pulmo
673 589 774 648 anime
788 591 941 668 praelargus
954 587 1089 650 anhelet.

218 666 335 724 Scilicet
348 667 410 724 haee
423 667 535 743 populo,
549 687 693 745 pexusque
704 669 828 745 togaque
840 673 959 744 recenti,
1177 667 1216 726 15

217 744 255 804 Et
267 745 397 804 natalitia
409 747 525 806 tandem
539 766 606 806 cum
618 749 805 824 sardonyche,
819 749 899 814 albus

218 823 293 882 Sede
306 824 384 902 leges
398 824 484 898 celsa,
499 825 605 902 liquido
616 846 702 903 quum
716 827 855 904 plasmate
868 843 964 910 guttur

217 901 325 961 Mobile
338 903 479 978 collueris,
490 905 612 981 patranti
626 906 730 962 fractus
742 905 841 964 ocello.

217 980 277 1040 llic
289 1001 381 1059 neque
395 1002 472 1044 more
485 985 573 1062 probo
586 985 681 1042 videas
694 1004 786 1062 neque
799 1004 869 1042 voce
881 983 981 1044 sereni

217 1059 352 1137 Ingentes
365 1063 505 1140 trepidare
520 1063 613 1135 Titos,
627 1082 715 1138 quum
729 1064 855 1123 carmina
867 1064 998 1122 lumbum
1173 1063 1215 1122 20

217 1138 337 1214 Intrant,
351 1153 380 1200 et
393 1143 512 1200 tremulo
526 1143 688 1220 scalpuntur
702 1143 750 1200 ubi
765 1143 865 1202 intima
879 1161 968 1202 versu.

216 1217 306 1293 Tun',
319 1221 421 1292 vetule,
437 1221 571 1280 auriculis
582 1221 681 1283 alienis
692 1222 801 1298 colligis
815 1223 913 1280 escasl

168 1341 169 1344 η
216 1299 372 1371 Auriculis,
385 1300 489 1376 quihus
502 1311 531 1357 et
544 1300 624 1358 dicas
638 1313 703 1358 oute
716 1301 851 1377 perditus,
865 1301 939 1358 ohel

216 1377 301 1440 ‘Quo
314 1379 457 1452 didicisse,
472 1379 527 1437 nisi
541 1380 595 1438 hoc
610 1381 778 1438 fermentum
792 1392 821 1437 et
833 1399 895 1455 quae
909 1380 996 1438 semel
1011 1380 1097 1438 intus

215 1455 319 1516 Innata
328 1471 380 1532 est,
395 1470 477 1535 rupto
487 1459 583 1535 jecore
597 1459 697 1518 exierit
711 1459 860 1536 caprificus
868 1459 888 1515 l'
1172 1457 1212 1516 25

215 1536 262 1596 Eu
275 1538 362 1614 pallor
376 1537 560 1614 seniumque!
582 1537 610 1594 Ο
625 1539 733 1596 mores!
755 1557 843 1612 usque
858 1535 968 1596 adebne

216 1615 297 1675 Scire
311 1628 392 1675 tuum
405 1617 475 1675 nihil
491 1628 543 1690 est,
557 1617 612 1676 nisi
626 1629 654 1674 te
668 1617 741 1676 scire
755 1617 810 1676 hoo
824 1617 894 1676 sciat
905 1616 996 1674 alteri

215 1697 275 1754 ‘At
287 1696 438 1772 pulchrum
452 1708 495 1755 est
508 1697 597 1774 digito
610 1697 767 1767 monstrari,
782 1707 810 1754 et
824 1695 923 1769 dicier,
937 1695 996 1755 Hic
1008 1697 1075 1757 est!

215 1773 290 1832 Ten’
305 1777 472 1834 cirratorum
485 1789 602 1842 centum
616 1777 721 1834 dictata
735 1775 821 1834 luisse

214 1853 270 1912 Pro
283 1854 372 1912 nihilo
385 1857 494 1932 pendas
504 1857 524 1912 l'
566 1855 644 1912 Ecce
659 1856 732 1912 inter
746 1855 848 1931 pocula
861 1865 989 1930 quaeruut

214 1932 376 1992 Romulidas
392 1934 489 2004 saturi,
504 1935 571 2008 quid
586 1935 632 1990 dia
645 1938 778 2008 poemata
791 1944 915 1990 narrent.

214 2009 275 2070 Hic
289 2012 398 2088 aliquis,
413 2013 460 2070 cui
475 2013 583 2070 circum
598 2013 730 2070 humeros
743 2011 928 2088 hyacinthina
941 2011 1015 2070 laena
1028 2023 1086 2089 est,

214 2090 412 2148 Rancidulum
425 2092 560 2167 quiddam
574 2091 657 2148 balba
671 2091 706 2148 de
721 2111 789 2150 nare
802 2091 923 2164 locutae,

213 2168 366 2245 Phyllidas,
382 2169 564 2248 Hypsipyles,
579 2181 674 2228 vatum
688 2181 717 2228 et
729 2170 864 2246 plorabile
878 2171 902 2228 si
919 2171 997 2247 quid,

213 2247 337 2324 Eliquat‚
352 2261 380 2308 et
393 2259 491 2308 tenero
505 2251 664 2326 supplantat
678 2251 762 2308 verba
774 2250 875 2326 palato.
1106 2227 1109 2234 ¹
1162 2249 1202 2306 35

214 2328 373 2388 Assensdre
388 2329 456 2386 viri:
478 2348 555 2386 nunc
569 2349 627 2388 non
641 2329 714 2386 cinis
728 2329 774 2386 ille
788 2333 879 2404 poetae

215 2407 319 2466 Felixl
340 2429 396 2466 uon
410 2407 496 2468 levior
510 2409 610 2484 cippus
623 2427 701 2465 nunc
716 2407 850 2484 imprimit
863 2409 947 2466 ossal

214 2486 347 2546 Laudant
360 2489 503 2546 convive:
524 2507 604 2546 nunc
618 2507 676 2554 non
689 2507 705 2547 e
720 2487 849 2547 manibus
863 2487 931 2559 illis,

214 2565 245 2622 N
246 2586 304 2624 unc
316 2587 375 2626 non
389 2587 406 2624 e
419 2567 528 2624 tumulo
541 2566 738 2642 fortunatisque
753 2565 847 2624 favilla

214 2645 376 2704 Nasceutur
390 2646 490 2704 violael
530 2645 632 2718 Rides,
647 2646 696 2718 ait,
710 2655 738 2702 et
751 2645 835 2704 nimis
849 2645 933 2703 uncis

214 2723 339 2782 Naribus
353 2725 493 2800 indulges.
533 2726 583 2782 An
597 2725 659 2795 erit,
673 2723 721 2800 qui
736 2725 807 2782 velle
820 2735 933 2782 recuset

213 2803 257 2860 Or
267 2803 362 2880 populi
377 2803 535 2860 meruisset
555 2814 593 2874 et,
608 2803 693 2862 cedro
707 2803 794 2878 digna
804 2803 925 2873 locutus,

213 2880 357 2956 Linquere
370 2899 425 2939 nec
437 2881 581 2940 scombros
594 2879 749 2941 metuentia
763 2881 898 2952 carmina,
912 2899 966 2944 nec
980 2881 1066 2938 thusl

213 2959 353 3036 Quisquis
366 2979 407 3031 es,
422 2955 545 3018 Omodd
560 2979 644 3034 quem
655 2979 690 3016 ex
705 2961 821 3016 adverso
834 2959 929 3016 dicere
943 2959 1007 3032 leci,

213 3037 281 3096 Non
295 3057 357 3114 ego,
371 3058 459 3114 quum
472 3037 575 3110 scribo,
589 3039 613 3096 si
628 3036 698 3098 sorte
713 3039 780 3114 quid
794 3040 885 3116 aptius
900 3039 967 3110 exit,
1156 3037 1195 3096 45

213 3117 340 3188 Quando
353 3119 415 3175 haec
429 3139 492 3179 rara
502 3119 560 3176 avis
573 3130 625 3192 est,
640 3119 744 3194 siquid
758 3130 852 3176 tamen
868 3119 959 3194 aptius
973 3117 1039 3192 exit,
1143 3179 1145 3184 ,
1209 3155 1212 3167 ·

214 3196 337 3254 Laudari
351 3208 475 3257 metuam
516 3217 608 3272 neque
621 3197 698 3256 enim
711 3197 781 3254 mihi
795 3217 899 3256 cornea
912 3197 982 3254 fibra
994 3209 1053 3256 est:

215 3277 273 3333 Sed
287 3275 357 3334 recti
371 3276 512 3352 finemque
526 3287 738 3352 extremumque
752 3296 814 3334 esse
827 3296 927 3336 recuso

213 3354 300 3415 Euae
329 3366 411 3413 tuum
421 3368 450 3413 et
472 3375 583 3415 nauus:
604 3374 670 3412 nam
685 3375 779 3415 asana
794 3355 848 3412 hoc
857 3365 960 3414 excute
973 3365 1079 3414 totum:

213 3433 296 3495 Quid
310 3453 368 3492 non
382 3433 459 3492 intus
474 3433 580 3492 habetl
601 3453 658 3491 non
670 3434 717 3491 hic
730 3444 774 3492 est
788 3431 856 3490 Ilias
870 3431 945 3492 Acci

214 3511 302 3570 Ebria
311 3514 440 3570 ueratrol
460 3531 518 3571 nou
532 3512 556 3568 si
569 3531 624 3588 qua
635 3513 756 3588 elegidia
769 3513 850 3571 crudi
1021 3572 1024 3581 ,

214 3589 368 3648 Dicthruut
380 3593 530 3668 proceresl
550 3609 607 3648 nou
621 3589 754 3668 quicquid
769 3591 890 3666 denique
903 3590 985 3650 lectis
1057 3643 1060 3655 .

216 3667 355 3728 Scribitur
369 3671 398 3736 in
413 3669 527 3735 citreisl
568 3669 701 3729 Calidum
716 3669 772 3728 scis
784 3689 889 3745 ponere
903 3689 1019 3728 sumen:
1090 3732 1094 3745 ,

213 3746 281 3809 Scis
294 3747 426 3806 comitem
441 3747 615 3816 horridulum
628 3748 694 3806 trita
708 3748 813 3806 donare
826 3747 942 3814 lacerna
954 3767 960 3806 :

215 3823 262 3897 Et,
277 3824 394 3898 Verum,
408 3827 511 3902 inquis,
525 3845 607 3884 arno:
627 3846 723 3892 verum
739 3827 808 3884 mihi
821 3828 908 3886 dicite
923 3829 959 3885 de
972 3846 1026 3886 me.

214 3902 277 3969 Qui
290 3904 377 3980 potet
398 3904 439 3962 vis
452 3905 566 3962 dicaml
587 3905 714 3982 nugaris,
728 3903 815 3982 quum
829 3907 892 3980 tibi,
905 3906 995 3980 calve,
