2628 4430
227 365 264 424 {tt
534 365 567 414 D.
584 364 682 414 Jurtu
696 362 890 414 JUVENALIS

227 505 389 584 Magnaque
403 507 522 566 debetur
536 507 638 568 violato
649 509 879 584 prena-cadurco.

227 585 263 656 Et
277 589 395 645 movisse
409 599 494 663 caput
507 588 565 646 visa
578 599 620 644 est
634 598 767 662 argentea
779 605 911 664 serpens:

225 665 306 724 Illius
319 665 450 742 lacrymae
465 666 653 740 meditataque
666 681 811 724 murmura
824 676 965 742 prestant,

227 744 263 802 Ut
276 745 386 802 veniam
402 745 492 803 culnae
505 763 563 804 non
577 745 694 816 abnuat,
709 763 808 802 ansere
820 763 925 820 magno

225 823 343 881 Scilicet
355 833 384 882 et
396 825 476 882 tenui
490 843 601 899 popano
614 835 770 900 corruptus,
784 823 883 883 Osiris.

261 901 363 978 Qqum
374 903 451 960 dedit
464 903 511 960 ille
524 903 636 972 locum;
657 903 778 979 cophino
792 903 921 977 loenoque
934 901 1041 974 relicto,
1050 955 1053 962 ,
1119 927 1122 938 ·

224 965 369 1040 Arcenam
382 981 484 1040 Judaea
496 993 619 1040 tremens
632 981 796 1040 mendicat
789 1001 818 1040 ιι
835 999 940 1054 aurem,

223 1059 366 1136 Interpres
379 1061 474 1136 legum
488 1061 676 1150 Solymarum,
690 1072 719 1118 et
730 1079 836 1151 magna
848 1028 1016 1140 sacerdos

223 1139 351 1213 Arboris,
365 1158 399 1196 ae
414 1139 611 1198 sunamitide
603 1141 778 1236 internuntia
791 1140 864 1198 ooeli.

223 1217 328 1294 Implet
340 1230 370 1276 et
383 1218 431 1276 illa
443 1237 569 1290 manum,
584 1219 633 1276 sed
646 1217 775 1295 parcius:
798 1238 852 1282 aere
866 1218 974 1276 minuto

222 1296 444 1373 Qualiacunque
455 1297 530 1355 voles
543 1297 561 1354 J
563 1298 637 1357 udat
648 1299 760 1356 somnia
773 1299 905 1358 vendunt.

223 1377 349 1452 Spondet
363 1387 515 1437 amatorem
528 1388 667 1448 tenerum,
681 1376 724 1434 vel
738 1377 831 1437 divitis
844 1377 905 1436 orbi

222 1454 438 1514 Testamentum
452 1455 563 1532 ingens,
577 1455 676 1512 calidae
689 1455 822 1530 pulmone
832 1453 970 1516 columbe

222 1533 367 1606 Tramite,
383 1535 536 1592 Armenius
550 1535 593 1592 vel
607 1533 817 1609 Commagenus
826 1534 986 1610 humpen

222 1611 341 1670 Pectora
353 1613 493 1690 pullorum
507 1613 630 1672 rimatur
634 1623 664 1670 et
677 1623 742 1670 exta
754 1612 858 1685 catelli,

221 1689 370 1752 Interdum
384 1702 412 1748 et
422 1691 521 1768 pueri:
542 1692 626 1758 faciet
628 1693 723 1766 ,quod
735 1692 862 1750 delerat
855 1711 922 1767 ipse.

260 1769 403 1827 Chaldaeis
417 1773 467 1828 sed
480 1771 566 1846 maJ'cr
579 1771 632 1828 erit
645 1771 766 1830 fidncia:
787 1771 924 1846 quidquid

221 1847 331 1906 Dixerit
344 1849 523 1924 Astrologus,
536 1851 652 1908 credent
666 1869 683 1908 a
696 1851 772 1908 fonte
785 1850 904 1907 relatum

221 1926 405 1998 Hammonis3
426 1927 691 2003 qnoniamDelphis
702 1929 820 1989 oracula
833 1939 952 2000 cessant,

220 2004 258 2064 Et
270 2008 362 2082 gemis
376 2007 531 2066 humanum
544 2008 659 2072 damnat
673 2007 767 2083 caligo
781 2006 875 2071 futuri·
970 2059 971 2064 ,

219 2083 383 2162 Praecipuus
397 2097 491 2144 tamen
505 2095 548 2145 est
562 2087 671 2158 horum,
686 2087 734 2160 qui
748 2083 851 2162 sepius
864 2085 953 2157 exsul,

220 2163 311 2240 Cujus
324 2164 458 2236 amicitia,
473 2166 716 2240 conducendaque
730 2165 834 2224 tabella

220 2241 345 2319 Magnus
359 2244 427 2300 civis
439 2244 508 2316 obit,
522 2254 551 2302 et
565 2245 730 2307 formidatus
744 2244 859 2304 Othoni.

219 2321 292 2380 Inde
307 2323 377 2384 fides
391 2323 452 2394 arti,
463 2323 557 2382 sonuit
570 2323 594 2380 si
608 2325 722 2382 dextera
736 2324 807 2382 serre

219 2399 367 2477 Levaque,
381 2421 404 2458 ιι
397 2401 504 2478 longo
515 2414 669 2460 castrorum
683 2402 713 2460 in
727 2421 840 2462 carcere
851 2403 961 2462 mansit.

218 2480 313 2540 Nemo
322 2481 539 2576 mathematicus
552 2482 671 2572 genium
683 2481 862 2540 indemnatus
876 2480 1005 2540 habebit:

220 2561 278 2618 Sed
291 2560 339 2636 qui
352 2579 434 2636 pene
448 2559 530 2636 perit,
544 2562 591 2620 cui
605 2561 651 2618 vix
664 2561 693 2618 in
706 2561 833 2636 Cyclada
846 2561 918 2618 mitti

219 2639 354 2716 Contigit,
368 2650 397 2696 et
409 2639 495 2729 parvi
507 2641 623 2703 tandem
636 2641 760 2700 caruisse
773 2639 901 2730 Seripho.

219 2718 370 2776 Consulit
362 2719 485 2776 1ctericae
499 2718 576 2776 lento
589 2719 625 2776 de
639 2719 737 2779 sunere
751 2719 856 2790 matris,

219 2794 297 2854 Ante
311 2808 405 2854 tamen
419 2797 455 2854 de
469 2807 507 2868 te,
521 2796 661 2872 Tanaquil
676 2807 740 2856 tua:
761 2797 873 2872 quando
887 2815 1010 2857 sororem
1135 2799 1200 2858 450

218 2873 334 2948 Efferat,
348 2886 377 2932 et
389 2886 520 2951 patruos;
541 2895 578 2932 an
591 2876 628 2940 nit
641 2876 764 2934 victurus
777 2875 886 2934 adulter
902 2931 904 2938 ,
922 2939 924 2947 ¹

218 2952 285 3013 Post
298 2954 409 3031 ipsaml
429 2954 495 3029 qnid
510 2954 585 3015 euim
600 2955 690 3031 majus
702 2955 769 3014 dare
782 2954 900 3022 numina
911 2953 1049 3029 possuntt

258 3033 331 3091 Haeo
344 3044 439 3092 tamen
452 3033 561 3109 ignorat
573 3034 647 3108 quid·
655 3034 736 3092 sidus
747 3033 959 3093 triste-minetur

220 3113 333 3170 Saturni
337 3131 413 3203 ,quo
426 3113 489 3170 laeta
502 3113 602 3170 Venus
615 3133 646 3172 se
658 3113 779 3189 proferat
792 3123 875 3184 astro,

217 3191 397 3253 animensis
411 3191 522 3250 damnis
523 3211 607 3284 ,quae
621 3193 722 3252 dentm
735 3202 860 3279 tempora
873 3191 959 3250 lucro.
1135 3192 1196 3250 455

218 3269 299 3330 Illius
312 3289 446 3328 occursus
459 3271 545 3333 etiam
558 3273 644 3330 vitare
658 3270 809 3361 memento,

219 3347 255 3407 In
268 3349 348 3425 eujus
361 3349 501 3422 manibus,
511 3369 565 3408 ceu
578 3351 695 3428 pinguia
707 3349 833 3420 succina,
843 3349 922 3408 tritas
984 3375 986 3380 ’

218 3427 321 3486 Cernis
334 3428 546 3505 ephemeridem
567 3447 628 3504 que
643 3429 751 3488 nullum
765 3395 895 3500 consulit,
907 3428 1006 3505 etjam

219 3507 399 3566 Consulitur:
420 3525 493 3582 quae,
507 3517 598 3567 castra
612 3509 669 3566 viro
682 3508 854 3584 patriamque
867 3519 990 3584 petente,

199 3615 201 3622 ·
219 3585 288 3644 Non
301 3587 352 3643 1b1t
364 3599 475 3663 pariter
492 3587 616 3644 numeris
629 3598 757 3649 revocata
771 3583 921 3662 Thrasylli
1134 3585 1193 3645 460
1300 3613 1301 3628 ι

220 3666 267 3722 Ad
281 3665 402 3740 primum
415 3665 536 3755 lapidem
551 3665 655 3724 vectari
668 3685 755 3740 quum
768 3665 870 3744 placet,
884 3666 952 3724 hora

221 3743 347 3800 Sumitur
357 3763 393 3800 ex
406 3743 493 3801 libro:
514 3744 537 3802 si
551 3745 645 3835 prurit
654 3746 750 3805 frictus
760 3740 842 3802 ocelli

221 3820 505 3916 Angulus,1nspecta
518 3843 615 3899 genesi
608 3825 744 3898 collyria
757 3823 855 3898 poscit

220 3899 310 3976 AEgra
322 3897 412 3958 licet
401 3913 504 3978 Jaoeat,
519 3901 656 3977 capiendo
669 3902 748 3963 nulla
761 3902 869 3962 videtur
