2628 4430
242 371 283 430 26
555 371 586 418 D.
603 371 698 418 JUNll
716 368 910 417 JUVENALIS

243 512 335 592 thue
351 511 442 588 magis
457 523 579 588 stupeas,
594 513 675 570 ludos
689 511 875 586 Paridemque
890 511 1007 586 reliquit.

243 591 300 652 Sed
315 609 473 668 quanquam
487 593 515 648 in
531 593 640 667 magnis
653 591 762 666 opibus,
776 591 926 666 plumrique
939 590 1067 666 paterni,
1205 588 1250 648 70

242 669 280 727 Et
293 673 475 748 segmentatis
489 671 637 727 dormisset
649 671 765 744 parvula
778 669 870 740 aunis,

241 749 419 826 Contempsit
433 749 565 825 pelagus:
587 750 690 805 famam
704 759 911 823 contempserat
922 747 1001 820 olim,

239 827 331 904 Cujus
345 830 418 904 apud
433 829 530 886 molles
544 828 659 884 minima
673 839 716 886 ert
726 827 837 902 jactura
850 828 1005 886 cathedras.

240 905 405 983 Tyrrhenos
419 908 503 984 igitur
516 906 619 963 fluetus
633 904 745 981 lateque
759 917 907 964 sonantem

212 1005 217 1018 r
239 983 357 1044 Pertulit
371 985 635 1043 loniumoonstanti
649 997 772 1061 pectore,
785 984 912 1060 quemvis

240 1061 411 1122 Mutandum
425 1066 507 1123 toties
520 1076 593 1122 asset
606 1083 692 1122 mare.
733 1063 750 1120 J
754 1076 815 1121 usta
828 1063 926 1140 periali

239 1143 271 1200 Si
286 1144 357 1202 ratio
369 1157 412 1202 est
425 1155 453 1202 et
467 1145 584 1204 honesta
592 1164 599 1213 ;
620 1144 730 1215 timent,
744 1143 899 1219 pavidoque
912 1141 1041 1219 gelantur

238 1220 367 1296 Peotore,
381 1242 435 1280 neo
448 1223 574 1280 tremulis
588 1235 703 1298 possum
716 1223 844 1282 insistere
858 1223 974 1298 plantis:

238 1299 352 1360 Fortem
366 1299 491 1360 animum
502 1314 636 1378 prestant
650 1303 742 1374 rebus,
757 1320 826 1376 quas
838 1301 955 1378 turpiter
969 1302 1083 1360 audent.

238 1379 270 1438 Si
281 1380 380 1457 jubeat
393 1382 506 1458 oonjnx,
521 1382 623 1438 dorum
636 1393 679 1438 est
692 1381 883 1440 oonsoendere
897 1380 1007 1451 navim;
1192 1380 1237 1440 80

237 1457 325 1516 'I'uuo
338 1461 449 1518 sentina
462 1461 642 1536 gratiamne
656 1478 781 1516 summus
796 1461 910 1518 vertitur
923 1464 981 1516 aer.

236 1535 313 1600 Quae
326 1541 469 1596 moeohum
483 1539 618 1615 sequitur,
632 1539 777 1596 stomaolro
790 1539 869 1596 valet.
909 1538 963 1596 Illa
976 1538 1112 1596 maritum

236 1616 403 1676 convomit:
426 1619 487 1676 haeo
502 1620 573 1676 iuter
588 1629 689 1676 nautas
702 1630 731 1676 et
743 1619 871 1694 prandet,
885 1628 914 1674 et
926 1629 1000 1676 errat

236 1694 290 1754 I'er
304 1715 435 1772 puppem,
450 1709 478 1754 et
492 1699 578 1754 duros
590 1698 695 1773 gaudet
708 1709 826 1756 traotare
840 1698 981 1756 rudentes.

234 1773 305 1836 Qui
318 1787 412 1834 temen
426 1777 530 1834 exarsit
544 1777 642 1847 formai,
656 1777 712 1852 quit
726 1788 807 1852 capta
817 1776 933 1851 juventi
946 1787 990 1834 est
1188 1777 1232 1836 85

235 1851 363 1929 Hippial
383 1855 450 1930 quid
465 1857 541 1926 vidit,
556 1857 752 1930 propterquod
767 1856 844 1912 ludia
857 1855 914 1912 dioi

235 1931 397 1991 Sustinuitl
419 1953 484 1991 nam
499 1935 644 2010 Sergiolus
655 1935 712 2010 jam
727 1935 825 1990 radere
838 1946 933 2011 guttur

234 2011 376 2088 Coeperat,
390 2024 418 2070 et
432 2023 509 2070 seeto
522 2014 647 2088 requiem
662 2031 773 2088 sperare
786 2014 899 2072 lacerto.

234 2089 376 2149 Praeterea
390 2093 477 2149 multa
492 2095 519 2149 in
536 2093 608 2149 faeie
622 2092 773 2160 deformia;
794 2093 868 2148 siout

235 2170 358 2230 Attritus
373 2172 464 2248 galeri,
481 2173 635 2246 mediisque
647 2172 675 2228 in
690 2171 805 2228 naribus
819 2173 920 2248 ingens

233 2249 352 2322 Gibbus,
367 2264 395 2308 et
409 2271 473 2308 acre
487 2252 591 2308 mulum
606 2269 716 2326 semper
729 2251 858 2308 stillantis
871 2250 964 2311 ocelli.

233 2327 292 2386 Sed
306 2329 443 2406 gladiator
457 2343 518 2388 erat
530 2350 536 2386 :
558 2331 625 2386 satit
639 2331 692 2388 hoe
706 2330 767 2387 illos
781 2329 976 2404 Hyacinthos;

233 2405 299 2466 Hoe
312 2409 416 2484 pueris,
430 2409 591 2484 patrieque,
606 2411 660 2466 hoe
673 2409 794 2484 praetulit
807 2409 854 2466 illa
866 2409 952 2466 sorori

233 2487 328 2563 Atque
343 2489 408 2548 viro.
451 2488 569 2546 Ferrum
583 2499 635 2560 est,
649 2489 724 2562 quod
739 2498 841 2546 ament.
883 2487 941 2546 Hie
955 2486 1071 2563 Sergius
1085 2487 1166 2548 idem

232 2567 364 2642 Aeoepti
380 2569 448 2626 rude
462 2568 594 2643 eoepisset
608 2568 729 2624 Veiento
743 2567 880 2624 videri-
1176 2568 1220 2626 95

273 2645 465 2722 Hippomanes
478 2665 648 2722 carmenque
662 2647 768 2721 loquer,
782 2659 948 2721 oootumque
962 2663 1102 2706 venenum

232 2722 418 2800 Priviguoque
432 2727 528 2782 datum
541 2727 552 2781 l
574 2726 695 2782 Faeiunt
708 2725 835 2800 graviora
847 2736 954 2782 ooaotae

232 2799 354 2878 Imperio
367 2803 461 2874 sextis,
478 2801 682 2878 minimumque
695 2802 813 2860 libidine
826 2815 955 2878 peceant.

269 2881 387 2957 Optima
400 2883 449 2938 sed
463 2899 550 2957 quare
565 2882 716 2952 Cesennia,
730 2891 801 2940 teste
815 2881 935 2940 maritoi

231 2957 281 3018 Bis
293 2960 447 3036 quingenta
460 2961 555 3029 dedit3
578 2961 648 3018 tanti
663 2973 744 3018 vocat
757 2960 803 3018 ille
816 2961 960 3036 pudieam,
1154 2963 1214 3022 10⁰
1296 2955 1297 3011 l

230 3037 296 3098 Neo
310 3039 428 3098 Veneris
441 3041 578 3117 pharetris
592 3059 688 3098 maoer
701 3050 753 3111 est,
768 3050 817 3096 aut
829 3038 959 3118 lampade
973 3039 1076 3098 ferret:
1294 3041 1296 3110 l

230 3115 304 3176 lnde
319 3118 395 3177 saoes
409 3121 525 3188 ardent;
547 3119 663 3178 veniunt
676 3138 693 3176 a
706 3119 770 3176 dote
783 3119 901 3195 sagitte.
1294 3135 1295 3209 q

230 3194 360 3256 Libertas
374 3199 494 3257 emitur:
514 3197 611 3256 eorem
625 3198 693 3256 lieet
706 3198 805 3254 innuat
818 3210 901 3274 atque

122 3350 127 3360 Ι
142 3333 148 3352 ,
230 3273 390 3350 Rescribat,
405 3279 490 3335 vidua
502 3289 554 3350 est,
568 3277 694 3352 locuples
707 3295 770 3352 quae
784 3278 879 3352 nupsit
891 3294 983 3336 avaro.

268 3354 328 3414 Gur
340 3355 483 3416 desiderio
496 3357 604 3414 Bibulae
620 3356 760 3414 Sertorius
774 3356 873 3414 ardeti
1149 3355 1208 3414 1⁰5

229 3429 262 3490 si
275 3452 371 3492 rerum
383 3435 523 3507 exoutias,
538 3435 634 3507 facies,
648 3455 705 3493 non
720 3454 788 3492 uxor
801 3445 917 3492 amatur.
1070 3433 1073 3441 “

228 3511 304 3570 Tres
317 3533 393 3591 rugae
409 3515 538 3587 subeant,
552 3525 624 3572 etse
638 3515 711 3572 eutis
724 3514 801 3571 arida
814 3513 899 3586 laxet,

229 3587 314 3649 Fiant
325 3593 437 3652 obseuri
451 3595 560 3664 demes,
569 3594 700 3668 ooulique
713 3593 853 3663 minores3

227 3666 340 3747 Collige
352 3673 516 3743 sarcinulas,
531 3674 606 3730 dieat
619 3672 744 3742 libertus,
758 3683 786 3730 et
798 3672 863 3730 exi:

227 3746 294 3806 Jam
307 3751 398 3826 gravis
411 3771 442 3810 es
456 3753 546 3823 nobis,
560 3762 589 3808 et
602 3747 676 3825 sepe
689 3751 863 3826 emungeris,
876 3750 922 3810 exi
1147 3747 1204 3808 11⁰

227 3825 330 3901 Ooiiis,
343 3840 372 3888 et
383 3849 519 3906 propere:
540 3831 617 3886 siooo
630 3829 707 3886 venit
720 3828 807 3887 altera
821 3849 897 3888 uaso.

228 3903 344 3966 Interea
356 3909 439 3982 oalet,
452 3921 482 3966 et
494 3920 604 3985 regnat,
616 3909 761 3984 poscitque
773 3909 905 3968 maritum
