2628 4430
207 399 248 461 70
518 401 550 450 n.
568 401 664 450 sunu
681 401 875 452 Jovnnnnrs

208 543 381 616 Quaesitum,
394 554 423 602 et
430 555 524 620 partos
538 545 631 622 gladio
645 545 687 602 vel
700 547 803 622 pyxide
818 565 948 604 nummos
956 548 968 603 'l

208 621 280 680 Rari
293 643 395 700 quippe
411 624 493 681 boni:
515 643 649 681 numerus
663 625 708 680 vix
722 639 764 682 est
778 627 904 699 totidem,
918 636 985 701 quot

208 701 374 760 Thebarum
388 715 483 779 portae,
499 704 542 759 vel
557 705 650 760 divitis
663 705 734 761 ostia
748 703 777 760 N
781 703 818 762 ili.

208 779 294 838 Noua
307 791 374 838 retas
388 783 489 858 agitur,
503 784 652 862 pejoraque
666 783 768 844 saecnla
784 783 847 841 ferri

208 858 407 936 Temporibus,
421 879 539 936 quorum
554 862 653 919 sceleri
668 881 723 919 non
741 862 849 920 invenit
863 865 921 939 ipsa

208 937 322 996 Nomen
336 951 365 997 et
379 959 396 996 a
410 941 486 997 nullo
499 941 592 1016 posuit
606 953 706 998 natura
720 941 841 1000 metallo.

208 1017 270 1075 Nos
284 1020 428 1076 hominum
443 1020 593 1094 diatimque
608 1021 691 1080 iidem
707 1019 828 1078 clamore
842 1023 959 1093 cieruus,

207 1097 325 1159 Quanto
339 1097 490 1156 Faesidium
506 1099 602 1156 laudat
616 1099 719 1156 vocalis
733 1111 865 1176 agentem

208 1177 348 1253 Sportula.
389 1177 455 1250 Dic,
469 1179 572 1250 senior,
587 1177 663 1236 bulla
678 1178 853 1256 dignissime,
867 1179 970 1252 nescis,

207 1256 290 1318 Quas
304 1257 405 1314 habeat
420 1257 546 1315 Veneres
560 1257 652 1315 aliena
665 1259 806 1334 pecunial
828 1259 931 1330 nescis,

206 1335 304 1398 Quem
318 1347 367 1394 tua
379 1337 543 1412 simplicitas
557 1338 643 1394 risum
658 1338 742 1414 vulgo
756 1349 875 1409 moveat,
889 1355 977 1414 quum

207 1411 308 1489 Exigis
322 1433 338 1471 a
350 1434 499 1490 quoquam,
514 1433 550 1472 ne
563 1417 678 1492 pejeret,
693 1428 721 1473 et
734 1429 814 1494 putet
828 1417 891 1474 ullis
930 1411 944 1434 ⁷

208 1492 279 1550 Esse
293 1493 404 1569 aliquod
418 1511 523 1551 numen
538 1496 658 1572 templis,
674 1509 784 1571 araeque
798 1495 931 1553 rubenti?
1036 1509 1044 1516 '

206 1572 363 1634 Quondam
378 1573 431 1630 hoc
445 1573 585 1650 indigenae
601 1573 731 1632 vivebant
745 1593 833 1647 more,
846 1572 925 1652 privis
939 1571 1025 1652 quim

208 1652 339 1709 Sumeret
353 1664 493 1727 agrestem
506 1653 597 1729 posito
610 1653 769 1712 diademate
784 1653 884 1711 falcem

209 1731 348 1788 Saturnus
363 1732 491 1808 fugiens3
513 1744 591 1805 tunc,
605 1751 692 1808 quum
707 1733 872 1809 virguncula
884 1733 971 1806 luno,

208 1807 246 1866 Et
258 1809 382 1884 privatus
395 1809 489 1868 adhuc
504 1811 587 1868 Idaeis
601 1811 715 1888 Jupiter
730 1813 825 1869 antris.

207 1886 295 1945 Nulla
308 1907 392 1966 super
406 1891 496 1946 nubes
510 1891 637 1947 convivia
651 1889 853 1962 coelicolarum,

207 1965 272 2024 Nec
285 1985 355 2043 puer
370 1967 486 2039 iliacus,
501 1967 621 2026 formosa
634 1989 689 2026 nec
704 1969 836 2026 Herculis
851 1987 922 2028 uxor

208 2045 255 2103 Ad
269 2048 394 2122 cyathos,
408 2058 436 2104 et
446 2047 504 2124 jam
519 2048 624 2106 siccato
635 2057 749 2106 nectare
763 2059 876 2124 tergens

207 2125 328 2183 Brachia
342 2126 489 2183 Vulcanus
503 2126 630 2204 Liparaea
644 2129 726 2202 nigra
738 2129 863 2186 tabernis.

183 2267 186 2276 ,
207 2203 367 2263 Prandebat
380 2205 433 2262 sibi
446 2207 563 2281 quisque
577 2208 657 2277 dene,
672 2225 727 2264 nec
740 2208 822 2264 turba
836 2209 953 2264 deorum

207 2283 298 2356 Talis,
314 2296 344 2342 ut
356 2296 400 2342 est
414 2286 506 2356 hodie,
522 2295 708 2360 contentaque
723 2287 816 2342 sidera
828 2286 927 2362 paucis

207 2361 382 2420 Numinibus
395 2365 528 2420 miserum
543 2365 701 2440 urguebant
716 2365 832 2422 Atlanta
845 2365 947 2422 minori

207 2440 344 2500 Pondere.
385 2441 522 2501 Nondum
537 2443 636 2519 aliquis
650 2445 762 2501 sortitus
776 2445 854 2501 triste
867 2443 998 2522 profundi

207 2519 372 2596 Imperium,
383 2534 432 2578 aut
446 2523 544 2579 Sicula
558 2534 651 2580 torvus
665 2541 730 2580 curn
745 2523 866 2599 conjuge
880 2521 990 2581 Pluton.

207 2599 273 2657 Nec
286 2611 355 2672 rota,
369 2619 423 2658 nec
438 2601 541 2673 Furiae,
556 2621 610 2659 nec
624 2618 732 2675 saxum,
748 2613 796 2660 aut
810 2603 926 2660 vulturis
940 2601 992 2660 atri

207 2678 314 2747 Poena;
336 2680 385 2736 sed
400 2680 517 2736 infernis
532 2681 634 2738 hilares
647 2683 708 2738 sine
722 2681 835 2758 regibus
849 2681 964 2739 umbrae.

207 2757 375 2833 Improbitas
388 2758 435 2816 illo
449 2759 500 2816 fuit
514 2759 685 2816 admirabilis
700 2777 766 2816 aevo.

207 2835 369 2893 Credebant
382 2837 437 2893 hoc
451 2839 557 2912 grande
571 2837 660 2908 nefas,
674 2849 703 2894 et
716 2847 805 2894 morte
818 2837 964 2914 piandum,

207 2914 238 2971 Si
251 2915 361 2992 juvenis
374 2915 467 2972 vetulo
480 2935 537 2973 non
552 2915 746 2974 adsurrexerat
760 2927 788 2974 et
802 2917 825 2973 si

206 2991 327 3052 Barbato
341 2993 499 3070 cuicunque
513 3013 592 3070 puer,
607 2991 676 3052 licet
689 2995 748 3074 ipse
762 2995 868 3053 videret

206 3072 292 3132 Plura
304 3073 380 3130 domi
395 3073 482 3149 fraga,
492 3085 521 3131 et
535 3073 653 3152 majores
666 3073 777 3150 glandis
790 3093 912 3132 acervos.

206 3151 283 3210 Tam
297 3151 455 3210 venerabile
470 3163 530 3211 erat
542 3155 702 3230 praecedere
715 3165 834 3229 quatuor
848 3154 939 3226 annis,

207 3229 356 3306 Primaque
369 3249 419 3308 par
433 3231 504 3290 adeo
519 3252 606 3290 sacrae
619 3233 730 3309 lanugo,
738 3233 878 3290 senecta!

207 3309 305 3380 Nunc,
319 3310 343 3366 si
357 3311 514 3386 depositum
528 3329 585 3368 non
600 3311 734 3368 infitietur
748 3312 866 3382 amicus

208 3389 240 3446 Si
254 3390 353 3458 reddat
367 3400 489 3464 veterem
503 3408 569 3446 curn
582 3391 641 3447 tota
656 3390 781 3466 aerugine
795 3390 901 3461 follem,

208 3465 373 3543 Prodigiosa
386 3465 466 3539 fides,
480 3477 509 3525 et
522 3467 628 3524 Tuscis
643 3470 729 3544 digna
743 3467 853 3542 libellis,

207 3543 339 3619 Quaeque
354 3547 487 3604 coronati
500 3546 613 3604 lustrari
625 3548 726 3604 debeat
739 3547 821 3623 agnai.

208 3621 365 3700 Egregium
379 3633 565 3699 sanctumque
578 3627 669 3682 virum
683 3627 707 3682 si
720 3645 816 3697 cerno,
832 3625 968 3682 bimembr

209 3700 274 3758 Hoc
288 3713 443 3760 monstrum
455 3721 552 3778 puero,
568 3715 616 3761 aut
629 3703 741 3760 miranti
756 3705 808 3760 sub
819 3715 911 3762 aratro

209 3779 340 3837 Piscibus
354 3782 483 3853 inventis,
498 3791 527 3839 et
541 3783 614 3839 foetae
629 3799 760 3857 comparo
775 3783 868 3855 mulae,
1013 3778 1016 3784 ’

209 3858 363 3931 Sollicitus,
378 3871 511 3938 tanquam
525 3861 632 3936 lapides
646 3861 775 3918 effuderit
790 3861 889 3936 imber,

209 3936 371 3996 Examenve
385 3939 479 4014 apium
493 3939 579 4016 longit
593 3941 753 3998 consederit
767 3941 821 3999 uvi
