2646 4416
512 401 574 450 SAT
575 403 634 450 IRA
653 401 726 450 XIV.

118 545 239 602 Patrem
254 545 356 622 ipsum,
369 545 534 621 turbamque
549 563 633 616 casae,
647 546 702 619 qut
717 545 782 604 foeta
793 545 906 622 jacebat

119 623 212 697 Uxor,
227 636 257 684 et
270 625 392 682 infantes
405 625 540 682 ludebant
554 635 680 699 quatuor,
695 643 769 682 unus

118 703 265 776 Vernula,
280 715 336 760 tres
350 703 471 761 domini:
493 705 541 760 sed
556 704 666 778 magnis
680 705 810 762 fratribus
823 705 933 778 horum,

119 785 150 840 A
167 783 270 840 scrobe
285 783 327 840 vel
342 783 420 841 sulco
434 783 627 855 redeuntibus
641 782 727 840 altera
740 803 822 841 coena
1052 785 1109 844 170

121 863 257 938 Amplior
270 873 299 919 et
312 863 433 938 grandes
447 861 592 918 fumabant
604 861 729 938 pultibus
742 863 813 920 ollae.

120 941 152 999 N
155 961 213 998 unc
229 943 330 999 modus
344 942 391 998 hic
406 941 465 1018 agri
479 945 574 999 nostro
588 959 645 998 non
659 941 762 998 sufficit
775 943 864 1000 horto.

121 1020 198 1079 Inde
214 1018 274 1078 ferd
291 1020 427 1082 scelerum
441 1039 544 1092 cause,
559 1039 613 1076 nec
627 1020 707 1095 plura
721 1039 831 1078 venena

121 1099 254 1172 Miscuit,
269 1112 317 1158 aut
331 1099 403 1158 ferro
416 1115 557 1175 grassatur
571 1097 673 1175 sapiirs
687 1099 776 1156 ullum

121 1180 269 1237 Humanae
287 1180 387 1236 mentis
402 1180 509 1252 vitium,
523 1176 608 1254 quam
627 1197 699 1235 saeva
712 1180 815 1254 cupido

123 1258 260 1316 indomiti
275 1259 395 1316 oensirs:
417 1279 482 1315 nam
497 1259 578 1320 dives
588 1257 634 1333 qui
649 1258 709 1315 fieri
723 1258 792 1330 vult,

120 1339 159 1396 Et
173 1337 233 1397 citd
248 1339 307 1396 vult
320 1338 387 1394 fieri.
430 1339 487 1395 Sed
501 1355 562 1412 quae
576 1337 729 1402 reverentia
742 1339 847 1414 legum,

120 1417 199 1478 Quis
213 1427 308 1474 metus
322 1428 369 1474 aut
382 1417 471 1494 pudor
485 1427 528 1474 est
541 1434 664 1491 unquam
678 1418 851 1493 properantis
865 1418 963 1477 erarii

121 1497 218 1554 Vivio
233 1497 359 1554 contenti
374 1496 477 1554 casulis
491 1508 519 1553 et
532 1496 651 1554 collibus
665 1497 735 1568 istis,

125 1575 154 1632 Ο
168 1575 255 1652 pueri,
273 1575 384 1632 Marsus
399 1575 511 1632 dicebat
524 1587 552 1632 et
566 1575 709 1632 Hernicus
722 1575 789 1634 olim

120 1655 316 1730 ‚Vestinusque
331 1673 434 1723 senex3
456 1673 558 1730 panem
571 1671 728 1730 quaeramus
742 1665 842 1728 aratro,

128 1731 190 1794 Qui
203 1732 270 1790 satis
284 1746 327 1790 est
342 1733 447 1790 mensis
462 1752 467 1789 ι
489 1733 605 1790 laudant
620 1735 673 1790 hoc
685 1733 805 1792 numina
818 1734 900 1808 ruris,

125 1813 256 1873 Quorum
271 1817 325 1888 ope
340 1823 368 1870 et
382 1813 495 1884 auxilio,
509 1823 595 1888 gratae
609 1824 671 1888 post
684 1832 787 1870 munus
801 1815 902 1888 aristae,

124 1892 303 1968 Contingunt
318 1893 427 1949 homini·
439 1893 538 1948 veteris
551 1891 663 1949 fastidia
677 1893 806 1967 quereris.

38 2007 40 2014 ι
125 1971 172 2028 Nil
188 1973 307 2029 vetitum
323 1972 422 2028 fecisse
433 1971 515 2043 volet,
527 1989 610 2046 quem
625 1991 682 2029 non
696 1973 783 2048 pudet
794 1973 852 2032 alto
1049 1974 1106 2033 185

125 2050 175 2108 Per
190 2052 313 2126 glaciem
328 2070 432 2128 perone
446 2051 522 2126 tegi;
544 2052 590 2126 qui
604 2052 752 2108 submovet
766 2051 858 2110 Euros

127 2129 249 2187 Pellibus
264 2131 388 2188 inversis,
431 2130 581 2204 Peregrina
596 2131 746 2205 ignotaque
761 2131 843 2188 nobis

126 2209 169 2267 Ad
184 2209 280 2266 scelus
295 2221 376 2284 atque
391 2209 480 2280 nefas,
495 2227 672 2284 quaecunque
686 2219 737 2280 est,
750 2227 874 2284 purpura
887 2210 974 2268 ducit.

160 2289 236 2345 Haeo
252 2289 292 2346 illi
308 2299 413 2346 veteres
426 2299 566 2364 praecepta
580 2287 754 2344 minoribus:
776 2297 805 2344 at
818 2307 896 2346 nunc

124 2367 189 2426 Post
203 2367 290 2426 finem
304 2368 431 2424 autumni
446 2368 539 2424 medii
551 2367 589 2424 de
602 2377 685 2424 nocte
699 2366 832 2442 supinum

125 2447 273 2504 Clamosus
284 2448 416 2523 juvenem
430 2457 507 2522 pater
522 2447 642 2503 excitat:
664 2446 774 2521 Accipe
788 2463 868 2503 ceras

130 2527 234 2600 Scribe,
249 2547 329 2603 puer,
346 2526 436 2602 vigila,
450 2543 551 2582 causas
566 2545 627 2600 age,
641 2525 755 2600 perlege
768 2526 867 2582 rubras

132 2602 266 2682 Majorum
281 2607 368 2681 legeS,
383 2619 431 2661 aut
444 2605 528 2661 vitem
542 2621 626 2679 posce
640 2603 741 2660 libello.

132 2682 183 2742 de
195 2695 281 2762 caput
295 2687 432 2742 intactum
447 2685 521 2740 buxo
534 2701 670 2758 naresque
684 2683 786 2759 pilosas

131 2765 261 2836 Annotet‚
277 2776 305 2821 et
319 2765 440 2840 grandes
454 2763 570 2820 miretur
585 2762 690 2820 Laelius
704 2763 770 2820 alas.

125 2839 213 2901 Dirue
229 2843 394 2900 Maurorum
408 2843 535 2919 attegias,
550 2843 665 2901 castella
679 2843 856 2920 Brigantum,

124 2921 159 2980 Ut
173 2924 344 2998 locupletem
359 2922 479 2997 aquilam
493 2923 543 2980 tibi
558 2923 750 2998 sexagesimus
764 2941 857 2981 annus

122 3003 238 3059 Afferat
244 3023 251 3071 ;
274 3013 330 3072 aut,
345 3001 443 3077 longos
457 3014 613 3058 castrorum
627 3003 699 3058 ferre
714 3003 823 3059 labores

122 3081 154 3138 Si
168 3083 248 3157 piget
263 3091 291 3138 et
304 3081 445 3156 trepidum
459 3081 569 3136 solvunt
581 3079 633 3135 tibi
647 3097 753 3136 cornua
767 3090 893 3136 ventrem

122 3159 199 3217 Cum
213 3161 290 3217 lituis
304 3161 408 3230 audita,
423 3177 513 3234 parce,
528 3158 602 3231 quod
618 3158 739 3214 vendere
753 3158 844 3232 possis

122 3238 217 3298 Pluris
231 3239 359 3309 dimidio,
373 3247 469 3296 necte
483 3235 592 3304 fastidia
606 3236 708 3292 mercis

122 3317 217 3376 Ullius
232 3321 350 3376 subeant
364 3317 528 3393 ablegandus
543 3313 672 3372 Tiberim
685 3313 777 3372 ultra:

121 3395 191 3456 Neu
206 3399 305 3456 eredas
318 3398 480 3474 ponendum
496 3395 601 3470 aliquid
616 3393 788 3452 discriminis
801 3393 874 3452 inter

108 3469 287 3553 'Unguenta
302 3489 330 3534 et
341 3477 456 3534 corium.
497 3475 583 3532 Lucri
598 3468 690 3532 bonus'
701 3486 743 3532 est
755 3475 824 3532 odor
837 3493 873 3530 ex
885 3492 916 3531 re

122 3556 271 3617 Quilibet.
313 3556 365 3613 Illa
379 3567 426 3613 tuo
440 3553 579 3613 sententia
593 3571 702 3630 semper
718 3553 746 3611 in
760 3571 808 3611 ore
901 3571 903 3578 ·
1045 3551 1104 3612 205

123 3635 270 3708 Versetur,
286 3634 330 3693 dis
344 3647 426 3710 atque
440 3636 501 3711 ipso
515 3633 584 3690 Jove
599 3633 694 3709 digna,
708 3637 816 3709 poete:

124 3710 336 3786 Unde'habeas,
351 3715 450 3788 quaerit
463 3733 563 3782 nemo;
585 3714 634 3770 sed
648 3723 755 3789 oportet
769 3712 880 3769 hebere.

125 3793 192 3852 Hoc
206 3805 361 3853 monstrant
377 3793 475 3850 vetulae
488 3793 582 3868 pueris
595 3793 756 3868 repentibus
770 3804 859 3848 assae:

126 3871 192 3932 Hoc
206 3875 428 3932 discunt'omnes
441 3884 506 3930 ante
520 3871 602 3948 alpha
616 3883 644 3929 et
658 3872 721 3929 beta
733 3871 842 3946 puelle.

127 3953 247 4012 Talibus
262 3955 413 4012 instantem
427 3951 540 4010 monitis
553 3969 751 4028 quemcunque
764 3961 908 4027 parentem
