2646 4416
523 377 646 426 satiat
662 377 722 427 XV.

109 519 189 578 Illic
203 520 352 592 ceruleos,
367 519 415 578 hic
427 521 534 597 piscem
548 521 680 588 fluminis,
695 521 752 580 illic

22 613 23 634 ¹
110 599 242 676 Oppida
254 612 313 658 tota
326 619 426 657 canem
441 615 617 667 venerantur,
634 619 716 658 nemo
732 601 861 658 Dianam.

111 678 247 737 Porrum
262 691 291 737 et
305 697 382 754 oaepe
396 679 475 736 nefas
488 680 600 751 violare,
613 695 642 736 et
657 680 784 756 frangere
799 698 901 737 morsu.

111 757 145 815 O
164 769 286 816 sanctas
299 769 407 834 gentes,
421 759 523 833 quibus
537 760 599 815 haec
611 771 766 815 nascuntur
781 779 809 816 in
822 759 908 817 hortis
1075 757 1112 816 10

115 837 277 895 Numina!
319 838 435 894 Lanatis
449 838 616 894 animalibus
629 839 748 894 abstinet
762 857 854 896 curnis

115 915 238 974 Mensa.
282 913 373 974 Nefas
384 915 444 974 illic
458 917 555 973 fratum
567 917 696 993 jugulare
710 918 843 991 capelle:

117 996 273 1054 Carnibus
287 997 418 1052 humanis
430 997 506 1052 vesci
520 996 594 1052 licet.
636 997 766 1053 Attonito
779 1014 868 1070 quum

118 1075 199 1133 Tale
215 1095 302 1151 snper
316 1093 425 1132 coenam
438 1075 550 1132 «facinus
564 1087 689 1132 narraret
704 1075 800 1132 Ulixes

122 1155 262 1226 Alcinoo,
277 1154 361 1210 bilem
376 1167 425 1212 aut
438 1155 525 1210 risum
539 1155 654 1212 fortasse
664 1155 831 1229 quibusdam

123 1231 268 1305 Moverat,
283 1243 314 1289 ut
328 1234 449 1290 mendax
463 1234 628 1309 aretalogns.
672 1233 706 1290 ln
722 1253 798 1290 mare
812 1251 897 1290 nemo

119 1313 217 1384 Hunc,
231 1313 327 1383 abicit,
342 1314 416 1368 saevh
430 1313 549 1386 dignum
563 1314 683 1388 uertique
697 1313 851 1388 Charybdi,

117 1389 306 1469 'lingentem
317 1393 455 1448 immanes
469 1391 666 1467 Lestrygonas
679 1404 763 1466 atque
777 1392 941 1468 Cyclopas?

121 1471 203 1528 Nam
217 1469 304 1530 citius
319 1471 450 1545 Scyllam,
466 1471 507 1528 vel
522 1473 719 1528 concurrentia
733 1491 800 1528 saxa

125 1551 269 1626 Cyaneas,
284 1550 383 1626 plenos
395 1561 426 1606 et
438 1551 650 1624 tempestatibus
664 1563 740 1608 utres
839 1587 842 1594 ·

130 1629 317 1698 Crediderim,
332 1641 380 1686 aut
393 1630 470 1686 tenui
484 1647 646 1705 percussum
662 1630 775 1686 verbere
788 1628 897 1700 Circes,

129 1708 171 1766 Et
184 1729 245 1766 cum
258 1709 413 1783 remigibus
426 1705 574 1782 grunnisse
590 1707 729 1783 Elpenora
739 1709 838 1784 porcis.

119 1783 206 1846 'Tam
221 1787 303 1845 vacui
318 1787 421 1862 capitis
430 1788 563 1862 populum
578 1787 698 1844 Phaeaca
712 1788 838 1863 putavit?

127 1869 177 1925 Sic
192 1869 293 1943 aliquis
307 1865 405 1926 meriti)
421 1867 546 1924 nondum
559 1868 663 1938 ebrius,
678 1879 707 1924 et
719 1868 868 1925 minimum
880 1868 927 1944 qui

127 1947 171 2004 De
186 1947 339 2021 Corcyraea
353 1957 487 2003 temetum
501 1947 618 2004 duxerat
633 1949 719 2004 urnii:
1071 1947 1111 2005 25

130 2027 212 2084 Solus
229 2027 306 2083 eninr
322 2027 374 2082 hoc
389 2025 504 2082 Ithacus
518 2027 594 2083 nullo
606 2028 661 2083 sub
672 2038 742 2083 teste
756 2027 884 2084 canebat.

131 2105 187 2164 Nos
202 2107 331 2162 miranda
346 2105 468 2179 quidem,
484 2106 532 2160 sed
545 2124 633 2179 nuper
648 2105 772 2162 Consule
787 2106 804 2161 J
808 2107 876 2162 unio

128 2185 217 2242 Gesta
231 2203 314 2260 super
329 2184 428 2240 calidae
444 2183 596 2240 referemus
610 2185 714 2240 moenia
728 2184 827 2258 Copti3

129 2265 188 2322 Nos
203 2264 281 2340 vulgi
297 2263 399 2332 scelus,
414 2274 443 2318 et
456 2263 568 2318 cunctis
582 2263 709 2337 graviora
722 2263 875 2320 cothurnis

129 2344 203 2401 Nam
220 2343 313 2400 scelus
328 2363 344 2399 a
358 2342 475 2416 Pyrrhi,
488 2361 648 2416 quanquam
664 2342 759 2398 omnia
773 2353 894 2416 syrmata
908 2342 1011 2410 volvas,
1072 2342 1111 2399 30

130 2423 234 2480 Nullus
250 2423 323 2498 apud
337 2423 457 2496 tragicos
472 2422 590 2496 populns
606 2421 680 2476 facit.
722 2422 843 2495 Accipe,
858 2433 955 2478 nostro

132 2501 197 2560 Dira
212 2503 287 2577 quod
301 2501 459 2575 exemplum
474 2501 570 2556 feritas
581 2500 742 2575 produxerit
757 2518 823 2556 aevo.

169 2582 246 2639 Inter
262 2581 395 2636 finitimos
408 2591 488 2634 vetos
502 2591 583 2652 atque
597 2578 712 2650 antiqua
726 2578 863 2650 simultas,

139 2659 292 2718 Immortale
306 2659 412 2728 odium,
427 2670 454 2714 et
469 2675 613 2732 nunquam
628 2657 752 2714 sanabile
763 2658 864 2714 vulnus

137 2739 220 2798 Ardet
235 2741 329 2796 adhuc
344 2738 448 2812 Coptos
456 2749 491 2794 et
504 2735 638 2811 'I'entyra
681 2741 816 2794 rs'urnmus
831 2738 960 2813 utrinque
1072 2739 1111 2797 35

132 2817 201 2876 lude
217 2819 293 2876 furor
308 2818 398 2893 vulgo,
413 2814 488 2892 qubd
504 2818 620 2873 numina
634 2817 788 2876 vicinorum

129 2901 199 2956 Odit
212 2909 329 2972 uterque
343 2897 429 2966 locus,
444 2915 530 2971 quum
542 2897 617 2954 solos
630 2898 726 2954 credat
740 2897 883 2955 habendos

128 2976 200 3036 Esse
215 2979 293 3046 deos,
308 2994 376 3050 qnos
390 2975 448 3051 ipse
463 2976 538 3032 colit.
580 2977 637 3031 Sed
652 2990 777 3051 tempore
792 2977 862 3034 festo

128 3057 256 3115 Alterius
269 3055 363 3131 populi
377 3055 511 3129 rapienda
523 3055 636 3110 occasio
649 3055 759 3110 cunctis

128 3137 199 3194 Visa
213 3135 393 3199 inimicorum
408 3132 575 3208 primoribus
590 3151 623 3187 ac
637 3133 767 3200 ducibus,
781 3149 818 3188 ne
1072 3135 1110 3191 40

128 3215 240 3274 Laetum
256 3215 426 3287 hilaremque
440 3211 526 3282 diem,
541 3229 577 3266 ne
592 3229 701 3284 magnae
715 3210 818 3284 gaudia
832 3227 921 3266 coenae

129 3295 286 3364 sentirent,
300 3291 396 3368 positis
411 3291 445 3346 ad
460 3289 563 3365 templa
576 3301 605 3346 et
618 3289 739 3366 compita
753 3289 867 3359 mensis,

129 3373 317 3449 Pervigilique
331 3383 401 3441 toro,
415 3387 498 3445 quem
514 3379 596 3426 nocte
611 3387 644 3424 ac
658 3368 721 3426 luce
733 3368 875 3444 jacentem

129 3455 277 3529 Septimus
291 3450 431 3508 interdum
447 3449 486 3506 sol
500 3448 614 3504 invenit.
657 3447 779 3505 Horrida
793 3445 861 3505 santi

131 3534 288 3609 AEgyptus:
310 3529 360 3586 sed
371 3529 494 3599 ‘luxuriat
508 3525 643 3602 quantum
660 3527 720 3604 ipse
734 3527 836 3600 notavi,

131 3611 256 3670 Barbara
269 3611 374 3666 famoso
388 3625 444 3664 nou
459 3609 535 3664 cedit
547 3607 629 3664 turba
643 3607 768 3682 Canopo.

133 3691 226 3761 Adde,
241 3686 316 3764 qubd
330 3700 358 3744 et
372 3686 462 3743 facilis
475 3687 589 3744 victoria
602 3686 638 3742 de
653 3687 781 3757 madidis,
796 3698 825 3744 et

133 3769 241 3839 Blaesis,
256 3779 337 3844 atque
351 3783 428 3822 mero
441 3766 634 3822 tithbantihus.
677 3763 749 3822 Inde
764 3767 885 3824 virorum

134 3849 257 3906 Saltatus
272 3847 351 3922 nigro
364 3845 490 3916 tibicine,
504 3846 710 3920 qualiacunque
835 3838 838 3850 ’

134 3927 294 4005 Unguenta,
308 3937 336 3983 et
350 3923 441 3995 flores,
456 3925 605 4000 multaeque
619 3924 649 3981 in
664 3925 753 3981 fronte
766 3941 895 3983 coronae:
1071 3925 1111 3984 50
