2628 4430
528 375 652 424 saulus
669 376 701 425 V.
785 423 789 432 .

11 507 12 510 ¹
115 513 268 586 Dicturus,
282 526 414 590 tanquam
429 527 458 573 et
470 516 588 576 diversis
600 519 725 593 partibus
737 517 814 579 orbis

117 593 218 650 Anxia
231 595 368 671 praecipiti
383 596 504 654 venisset
522 597 638 673 epistola
651 599 747 674 pinati.

160 673 258 748 Atque
274 674 380 732 utinam
395 675 438 732 his
450 673 543 749 potius
557 676 641 752 nugis
654 688 711 736 tota
725 679 773 736 ille
787 676 912 736 dedisset

117 750 269 828 Tempora
281 754 405 826 saevitiae,
419 753 509 812 claras
521 755 623 829 quibus
637 757 751 815 abstulit
765 757 844 832 Urbi,
1045 757 1101 818 160

119 830 303 907 illustresque
318 832 427 890 animas
441 833 565 909 impune,
577 843 607 892 et
619 835 731 894 vindice
746 837 823 895 nullo
835 839 842 896 l

118 911 180 968 Sed
199 909 290 985 periit,
304 922 451 986 postquam
465 913 635 972 cerdonibus
648 933 710 971 esse
723 916 865 976 timendus

119 989 273 1066 Ceperat:
295 989 350 1048 hoc
363 990 461 1050 nocuit
473 989 636 1051 Lamiarum
648 994 728 1052 cade
744 996 879 1056 madenti.

501 1309 658 1368 SATIRA
679 1311 714 1370 V.
817 1315 825 1334 '

160 1467 194 1523 Si
208 1475 237 1524 te
250 1466 383 1542 propositi
396 1468 522 1524 nondum
536 1469 632 1543 pudet,
646 1481 730 1545 atque
743 1471 844 1530 eadem
858 1484 901 1532 est
914 1489 1006 1546 meus,

10 1567 11 1578 ¹
120 1543 159 1602 Ut
171 1546 248 1604 bona
261 1564 372 1603 summa
384 1557 475 1622 putes,
490 1547 583 1604 alieni
597 1549 690 1606 vivere
703 1551 810 1624 quadril
821 1569 829 1620 ;

122 1624 154 1680 Si
167 1635 247 1699 potes
261 1624 309 1682 illa
321 1625 388 1700 pati,
403 1644 464 1700 quae
479 1645 533 1684 uec
548 1628 714 1685 Sarmentus
726 1627 838 1703 iniquas

123 1702 242 1780 Cqsaris
256 1704 291 1760 ad
305 1723 428 1774 mensas,
442 1723 497 1761 nec
512 1705 572 1762 vilis
585 1705 677 1762 Galba
690 1706 815 1764 tulisset:

121 1781 262 1842 Quamvis
272 1781 366 1859 jurato
379 1794 502 1840 metuam
517 1783 567 1840 tibi
581 1785 697 1842 credere
711 1785 782 1842 testi.

122 1859 228 1920 Ventre
242 1861 313 1918 nihil
327 1861 392 1919 novi
408 1862 551 1938 frugalius.
594 1862 658 1922 Hoc
671 1876 766 1922 tumen
776 1865 869 1941 ipsum

120 1937 268 1998 Delecisse
282 1951 359 2016 puta,
373 1942 447 2016 quod
462 1941 539 2000 inani
550 1943 654 2000 sufficit
664 1944 744 2002 alvo:

120 2017 207 2076 Nulla
221 2019 337 2095 crepido
353 2021 450 2078 vacatl
471 2040 609 2096 nusquam
623 2042 703 2097 pons,
717 2035 746 2085 et
759 2025 860 2099 tegetis
877 2043 941 2102 pars

121 2097 248 2156 Dimidia
260 2098 390 2156 brevior?
430 2099 556 2156 Tantiue
570 2101 672 2176 injuria
686 2103 795 2160 coeuael

121 2175 195 2234 Tam
206 2177 305 2254 jejuna
319 2177 415 2244 fames,
436 2197 525 2252 quum
545 2180 590 2254 pol
605 2179 640 2236 sit
653 2181 798 2239 honestius
811 2181 870 2240 illic
1062 2183 1098 2240 10

121 2254 300 2327 blinamma,
315 2267 343 2314 et
356 2258 452 2316 sordes
465 2257 545 2316 farris
559 2259 686 2316 mordere
700 2259 815 2318 oauiuil

157 2335 254 2393 Primo
269 2335 324 2412 fige
338 2335 409 2407 loco,
424 2334 500 2412 qudd
514 2349 545 2395 tu
559 2337 736 2396 discumbere
747 2339 842 2416 jussus

122 2411 286 2472 Mercedem
299 2415 419 2473 solidam
431 2427 555 2476 veterum
569 2416 646 2492 capis
659 2418 824 2476 officiorum.

123 2492 242 2550 l'ructus
257 2493 389 2552 amicitia
402 2513 512 2570 magnas
527 2495 608 2552 cibus
621 2515 627 2552 ι
649 2495 768 2571 imputat
782 2499 859 2556 huuc
871 2517 931 2570 rex,

127 2570 165 2644 u,
179 2573 310 2648 quamvis
323 2591 427 2643 rarum,
441 2584 535 2630 tamen
550 2573 676 2648 imputat.
717 2572 795 2650 Ergb
810 2576 882 2634 duos
894 2586 958 2652 post
1063 2577 1098 2634 15

129 2651 249 2709 dilibuit
262 2669 376 2708 meuses
388 2651 550 2727 neglectum
565 2651 697 2710 adhibere
711 2652 855 2727 clientem,

127 2729 221 2788 Tertia
234 2750 272 2788 ne
286 2749 376 2788 vacuo
389 2742 511 2788 cessaret
525 2731 630 2788 culcita
641 2731 734 2803 lecto;

123 2807 183 2868 Una
198 2809 296 2881 simus,
311 2809 357 2866 ait.
398 2810 534 2868 Votorum
548 2811 673 2868 summa!
694 2811 776 2874 Quid
790 2811 863 2874 ultrd

121 2887 234 2949 Quaeris
245 2889 257 2945 l
298 2887 393 2946 Habet
405 2889 538 2962 Trebius,
552 2901 663 2966 propter
676 2893 751 2966 quod
764 2911 894 2970 rumpere
907 2911 1039 2953 somnum

122 2965 240 3039 Debeat,
254 2979 283 3024 et
296 2968 397 3043 ligulas
411 2969 562 3040 dimittere,
576 2969 723 3042 sollicitus,
738 2990 780 3028 ue
1058 2973 1098 3032 2⁰

121 3045 196 3104 'l'ota
209 3047 355 3104 salutatrix
366 3047 425 3122 jam
438 3048 520 3104 turba
533 3048 673 3122 peregerit
685 3049 782 3106 orbem

122 3125 269 3182 Sideribus
282 3125 385 3196 dubiis,
401 3136 449 3182 aut
463 3125 510 3182 illo
523 3137 658 3200 tempore,
672 3145 727 3200 quo
741 3145 771 3184 se

123 3201 236 3280 Frigida
250 3204 447 3280 circumagunt
460 3203 532 3278 pigri
546 3221 659 3258 sarraca
679 3201 784 3260 Bootae.

121 3282 223 3344 Qualis
238 3302 320 3344 coena
333 3284 450 3340 tamen?
490 3281 607 3352 Vinum,
620 3281 695 3355 quod
709 3282 825 3339 succida
838 3283 909 3342 nolit
962 3345 966 3360 .

122 3361 201 3420 Lana
214 3363 290 3439 pati:
312 3363 348 3420 de
361 3360 478 3420 oondvs
492 3360 654 3435 Corybanta
668 3359 784 3418 videbis.
1058 3363 1098 3424 25

122 3439 221 3518 iurgia
234 3441 401 3517 proludunt3
423 3441 473 3498 sed
486 3458 553 3496 mox
569 3450 599 3496 et
611 3439 712 3514 pocula
725 3452 837 3516 torques

122 3520 252 3592 Saucius,
263 3533 293 3579 et
305 3520 390 3576 rubri
403 3521 532 3594 deterges
545 3519 660 3576 vulnera
673 3519 784 3594 mappis,

123 3597 199 3656 luter
212 3619 261 3656 vos
274 3597 384 3676 quoties
396 3599 614 3673 libertorumque
628 3599 771 3656 cohortem

122 3677 222 3754 Pugna
236 3677 395 3754 Saguntini
409 3677 496 3736 servet
509 3676 659 3734 commissa
671 3678 782 3753 lagena.

123 3755 186 3834 lpse
200 3757 330 3834 capillato
343 3754 476 3815 diffusum
491 3755 606 3814 consule
619 3768 706 3832 potat,

123 3833 322 3910 calcatamque
336 3845 413 3892 tenet
426 3835 506 3921 bqllis
520 3828 672 3894 socialibus
685 3854 777 3907 uvam,

123 3911 260 3974 Cardiaco
272 3913 415 3990 uunquam
427 3914 559 3990 cyathum
573 3914 709 3972 missurus
722 3916 822 3974 amico.
