2628 4430
10 181 15 298 l

522 385 646 436 serina
663 385 696 436 V.

104 531 254 610 conjuge,
268 553 318 610 per
331 543 455 590 montem
470 531 629 604 adversum,
644 531 809 608 gelidasque
822 531 938 592 cucurri

105 611 268 688 Esquilias,
283 613 413 670 fremeret
427 613 502 669 sicvt
516 629 603 687 quum
617 612 756 688 grandine
771 629 874 669 vernus

104 692 235 767 Jupiter,
250 703 279 750 et
291 692 380 749 multo
394 692 513 750 stillaret
526 692 639 766 paenula
652 691 767 749 nimbo!

105 771 252 848 Adspice,
267 769 351 846 qudm
363 769 450 847 longo
463 771 607 828 distendat
620 783 735 846 pectore
749 771 872 844 lancem,

104 849 189 912 Qu're
205 851 291 908 fertur
305 851 431 923 domino,
445 850 554 926 squilla,
568 861 597 908 et
611 851 714 925 quibus
728 851 853 927 undique
867 861 947 928 septa

108 931 279 1006 Asparagis,
293 931 350 1005 qud
364 930 501 1008 despiciat
514 931 643 987 convivia
657 931 760 1002 caude,

107 1009 213 1070 Quum
227 1010 306 1068 venit
318 1009 423 1067 excelsi
437 1010 567 1067 manibus
581 1011 691 1068 sublata
705 1009 833 1068 ministri.

109 1089 170 1146 Sed
184 1089 237 1146 tibi
251 1089 369 1148 dimidio
382 1090 551 1148 constrictus
564 1107 726 1148 cammarus
738 1107 792 1148 ovo

108 1168 241 1242 Ponitur,
255 1167 359 1244 erigut
374 1167 466 1228 feralis
481 1187 564 1226 coena
577 1169 690 1246 patellis.

107 1247 178 1324 Ipse
192 1248 358 1306 Venafrano
370 1249 477 1326 piscem
491 1249 652 1325 perfundit:
674 1259 703 1307 at
716 1249 774 1322 hic,
787 1248 836 1334 qui

108 1327 240 1384 Pallidus
254 1327 367 1385 affertur
381 1329 483 1386 misero
497 1329 548 1386 tibi
562 1329 660 1401 caulis,
674 1328 762 1388 olebit

10 1447 12 1462 r
110 1405 276 1464 Laternam
316 1406 391 1465 Illud
405 1409 483 1466 enim
496 1409 595 1466 vestris
608 1407 691 1466 datur
704 1408 829 1482 alveolis,
843 1408 918 1484 quod

111 1485 216 1544 Canna
230 1485 416 1563 Micipsarum
430 1490 513 1565 prort
527 1489 656 1546 subverit
671 1489 770 1558 acutd3

110 1565 229 1642 Propter
243 1565 317 1641 quod
332 1566 433 1625 Itomae
448 1587 513 1624 cum
528 1567 674 1625 Bocchare
688 1587 773 1625 nemo
786 1567 905 1642 lavatur,

110 1643 202 1706 Quod
215 1657 292 1703 tutos
304 1646 390 1702 etiam
405 1647 473 1704 facit
487 1667 504 1704 a
518 1647 696 1722 serpentibus
710 1647 803 1704 Afros.

113 1723 221 1782 Mullus
234 1726 288 1782 erit
301 1726 426 1798 domino,
439 1745 523 1802 quem
538 1726 614 1783 misit
628 1726 755 1798 Corsica,
770 1727 813 1783 vel
827 1744 912 1804 quem

111 1803 364 1862 Tauromenitanae
378 1823 472 1882 rupes,
486 1807 599 1882 quando
612 1825 696 1864 omne
710 1817 857 1882 peractum
870 1817 914 1866 est

111 1882 149 1941 Et
157 1884 218 1960 jam
232 1884 336 1941 defecit
349 1897 476 1943 nostrum
490 1905 578 1957 mare,
593 1887 661 1942 dum
675 1887 743 1962 gila
757 1887 844 1960 saevit,

111 1963 237 2021 Retibus
251 1963 372 2022 assiduis
385 1966 497 2042 penitus
511 1975 654 2022 scrutante
668 1965 787 2024 macello

111 2042 253 2116 Proxima,
268 2063 323 2100 nec
337 2045 458 2120 patimur
472 2043 656 2121 Tyrrhenum
670 2065 798 2103 crescere
819 2046 936 2122 piscem.

112 2121 231 2180 Instruit
243 2121 313 2200 ergd
328 2124 422 2182 socurn
435 2125 596 2200 provincia:
617 2125 736 2182 sumitur
750 2124 829 2182 illinc

111 2201 200 2263 Quod
214 2213 341 2280 captator
355 2215 431 2262 emat
444 2201 548 2276 Lenos,
564 2203 682 2261 Aurelia
696 2203 807 2262 vendat.

112 2281 226 2340 Virroni
240 2301 368 2340 muraena
383 2283 474 2355 datur,
489 2303 551 2362 quae
566 2284 690 2340 maxima
704 2283 782 2340 venit

112 2361 231 2437 Gurgite
245 2362 281 2418 de
296 2363 411 2421 Siculo:
432 2381 509 2436 nam,
525 2364 593 2421 dum
607 2383 637 2420 se
652 2363 779 2421 continet
792 2363 909 2438 Auster,

114 2439 187 2498 Dum
201 2441 284 2499 sedet
296 2451 325 2498 et
338 2443 427 2500 siccat
440 2443 569 2500 madidas
584 2443 612 2500 in
628 2463 743 2500 carcere
756 2461 876 2518 pennas,

117 2520 308 2578 Contemnunt
321 2523 444 2578 mediam
458 2513 607 2580 telneraria
628 2523 686 2578 lina
700 2521 883 2596 Charybdim.

120 2599 169 2660 Vos
182 2601 313 2677 anguilla
326 2611 422 2658 manet
435 2601 527 2678 longae
542 2613 664 2678 cognata
677 2599 811 2672 colubrae,

121 2679 170 2738 dut
183 2681 279 2757 glacie
293 2681 442 2756 adspersus
456 2679 576 2738 maculis
591 2678 759 2752 Tiberinus,
773 2689 802 2738 et
815 2679 876 2757 ipse

119 2759 238 2818 Vemula
251 2759 376 2836 riparum
389 2759 501 2837 pinguis
514 2772 636 2819 torrente
650 2761 759 2834 cloacd,

114 2837 148 2898 Et
161 2841 261 2898 solitus
274 2839 375 2898 mediae
390 2853 516 2916 cryptam
530 2853 678 2918 penetrare
694 2841 823 2899 Suburae.

150 2919 209 2997 Ipsi
221 2938 316 2996 pauca
328 2919 422 2994 velim,
437 2921 549 2978 facilem
563 2921 587 2978 si
600 2922 725 2997 praebeat
739 2939 844 2980 aurem.

114 2997 206 3058 Nemo
219 2999 299 3076 petit,
313 3000 432 3058 modicis
445 3019 507 3076 quae
522 3001 704 3058 mittebantur
718 2999 818 3057 amicis

113 3077 140 3136 A
154 3079 280 3151 Senecd,
295 3097 356 3154 quar
371 3079 436 3138 Piso
449 3081 550 3150 bonus,
564 3099 626 3153 qnae
641 3079 724 3136 Cotta
738 3079 845 3138 solebat

113 3157 240 3234 Largiri3
261 3177 383 3234 namque
397 3169 425 3216 et
439 3158 527 3216 titulis
540 3169 568 3214 et
583 3157 706 3213 fascibus
719 3157 787 3213 olim

114 3235 205 3316 Major
219 3237 374 3296 habebatur
389 3237 513 3296 donandi
528 3235 633 3312 gloria:
655 3235 746 3292 solum

113 3319 269 3388 Poscimus,
284 3328 315 3376 ut
328 3337 424 3376 ooenes
438 3317 564 3374 civiliter.
606 3313 672 3372 Hoc
687 3314 758 3387 sace,
772 3324 801 3371 et
814 3325 884 3389 esto,

113 3399 191 3472 Fsto,
205 3406 238 3453 ut
251 3415 330 3456 nunc
343 3399 434 3470 multi,
449 3397 527 3454 dives
541 3395 602 3468 tibi,
616 3414 722 3471 pauper
736 3395 843 3454 amicis.

153 3476 273 3536 Anseris
287 3489 352 3534 ante
367 3479 458 3554 ipsum
472 3476 569 3551 magni
580 3476 670 3550 jecur,
686 3475 834 3533 anseribus
846 3495 897 3553 par

115 3557 218 3630 Altilis,
233 3567 262 3612 et
273 3555 337 3614 flavi
352 3557 455 3632 dignus
469 3555 542 3613 ferro
556 3553 695 3631 Meleagri

12 3683 13 3686 ,
115 3637 217 3697 Fumat
231 3653 316 3710 aper:
337 3647 399 3712 post
413 3638 490 3698 hunc
503 3634 649 3692 tradentur
662 3635 772 3708 tubera,
786 3635 811 3694 si
824 3655 872 3698 ver

115 3718 200 3777 Tunc
214 3715 277 3788 erit,
291 3727 320 3774 et
334 3716 439 3774 facient
452 3725 548 3792 optata
561 3715 687 3774 tonitrua
700 3733 797 3772 ooenas

116 3798 245 3876 Majores.
287 3795 357 3854 Tibi
371 3796 445 3854 habe
459 3795 642 3866 frumentum,
658 3793 789 3852 Alledius
803 3795 903 3872 inquit,

115 3877 143 3936 Ο
155 3877 245 3953 Libye
257 3897 264 3948 3
285 3877 415 3953 disjunge
429 3874 523 3947 boves,
538 3875 606 3932 dum
620 3875 720 3932 tubera
733 3875 844 3933 mittas!

154 3959 328 4017 Structorem
340 3956 458 4028 interea,
473 3974 509 4012 ne
522 3973 578 4032 qua
591 3953 750 4032 indignatio
763 3955 846 4027 desit,
