2646 4416
220 380 263 445 ω
533 383 566 432 n.
584 383 682 434 ιιιιιιι
698 381 894 432 Juvnunnrs
1100 370 1118 407 ⁸

222 525 349 604 Virginis
362 525 495 598 occurrit,
509 525 551 583 vel
565 527 641 584 terri
655 525 795 583 clauditur
809 525 910 598 infans,
1311 561 1312 570 ι

220 603 364 664 Etminor
379 607 445 682 igne
459 606 527 681 rogi.
568 605 644 666 Quis
658 607 734 662 enim
749 605 840 662 bonus
854 617 881 662 et
896 573 957 661 lace
971 603 1074 680 dignus
1150 601 1212 661 lssl
1311 657 1312 668 ,

222 684 339 742 Arcani
342 685 475 759 ,qualem
488 685 601 742 Cereris
615 685 673 742 vult
687 703 748 741 csse
763 685 902 756 sacerdos,

224 763 287 822 Ulla
300 765 393 822 aliena
406 763 458 821 srbi
473 763 569 821 credat
582 763 678 820 malal
719 765 836 839 Separat
851 763 905 820 hoc
918 781 970 820 nos

223 844 251 900 A
265 861 351 920 grege
365 854 516 914 mutorum,
531 854 613 918 atque
628 843 692 900 ideo
706 843 864 900 venerabile
878 841 929 900 soli

220 921 319 982 Sortiti
333 923 489 998 ingenium,
501 921 712 998 divinorumque
726 939 855 998 capaces,

223 1002 317 1078 Atque
331 1002 497 1060 exercendis
511 1002 711 1078 capiendisque
725 1001 831 1058 artibus
845 1000 912 1078 apti,

223 1080 373 1138 Sensuma
387 1081 494 1139 coelesti
509 1081 662 1138 demissum
676 1081 812 1138 traximus
827 1099 902 1151 arce,

222 1158 313 1237 Cujus
326 1172 412 1236 egent
424 1179 513 1236 prona
527 1171 555 1217 et
569 1171 671 1217 terram
686 1160 851 1236 spectantia.
893 1157 997 1216 Mundi

223 1238 367 1315 Principio
381 1239 497 1296 indulsit
511 1241 670 1297 communis
684 1241 812 1297 conditor
826 1237 882 1296 illis

222 1317 351 1378 Tantum
366 1320 484 1391 animas,
499 1319 581 1376 nobis
595 1319 721 1375 animum
736 1337 856 1393 quoque,
872 1327 987 1374 mutuus
1000 1326 1032 1374 ut
1045 1333 1098 1374 nos

224 1397 355 1454 Affectus
368 1409 462 1475 petere
477 1398 611 1455 auxilium
626 1409 654 1454 et
668 1409 800 1472 prestare
812 1397 933 1473 juberet,

223 1475 374 1552 Dispersos
388 1479 498 1534 truhere
513 1477 541 1534 in
546 1475 700 1568 populum,
715 1478 836 1553 migrare
850 1485 959 1533 vetusto

223 1555 268 1613 De
283 1575 406 1628 nemore,
418 1567 446 1614 et
459 1557 568 1632 proavis
582 1555 719 1613 habitatas
732 1555 858 1631 linquere
872 1555 956 1612 silvas

225 1633 379 1692 AEdilicare
394 1603 500 1708 domos,
515 1635 635 1694 Laribus
646 1635 818 1712 conjungere
832 1633 934 1692 nostris
988 1632 992 1644 '

224 1708 349 1771 Tectum
363 1715 449 1788 aliud,
465 1727 539 1774 tutos
554 1716 647 1774 vicino
660 1713 758 1772 limine
772 1733 885 1772 somnos

224 1791 262 1850 Ut
276 1793 378 1850 collata
391 1795 470 1852 daret
484 1793 603 1864 fiducia;
625 1803 770 1870 protegere
785 1794 868 1850 armis

126 1881 133 1900 ⁶
224 1869 348 1946 Lapsum
363 1883 411 1928 aut
425 1873 533 1950 ingenti
547 1884 693 1932 nutantem
708 1873 822 1929 vulnere
836 1872 936 1942 civem,

224 1948 377 2009 Communi
394 1951 496 2008 dare
475 1971 556 2048 srgqa
569 1951 647 2022 tuba,
662 1951 807 2008 defendier
821 1948 913 2007 isdem

224 2027 365 2086 Turribus
368 2041 471 2106 ,atque
486 2031 543 2088 unit
557 2041 698 2124 portarum
712 2031 789 2088 clave
803 2029 901 2087 teneri.

222 2105 306 2165 Sed'
295 2128 354 2185 jam
368 2121 529 2186 serpentum
544 2109 630 2185 major
620 2091 803 2167 concordia.
844 2107 939 2165 Parcit

225 2185 362 2264 Cognatis
376 2189 494 2246 maculis
509 2189 607 2246 similis
622 2189 687 2246 fera.
728 2189 855 2250 Quando
868 2187 943 2245 leoni

226 2265 336 2326 Fortior
349 2267 451 2344 eripuit
466 2269 549 2325 vitam
563 2267 627 2326 leol
648 2288 703 2342 quo
719 2285 833 2325 nemore
847 2285 972 2340 unquam

226 2343 384 2420 Exspiravit
398 2365 464 2422 aper
478 2347 591 2423 majoris
605 2347 737 2404 dentibus
752 2347 835 2422 april

227 2423 328 2482 ludica
341 2425 419 2502 tigris
434 2427 492 2502 agit
505 2427 604 2484 rabida
618 2445 684 2482 cum
698 2425 799 2516 tigride
813 2443 912 2501 pacem

227 2501 412 2580 Perpetuam:
434 2507 513 2564 saevis
527 2505 600 2564 inter
614 2525 644 2562 se
658 2505 791 2562 convenit
804 2504 885 2562 ursis,

228 2581 282 2642 Ast
297 2585 403 2642 homini
419 2584 522 2642 ferrum
537 2585 619 2642 letale
633 2585 738 2642 incude
752 2583 876 2642 nefandi

227 2661 396 2720 Produxisse
409 2683 508 2739 parum
520 2675 578 2732 est;
600 2683 686 2753 quum
700 2675 789 2721 rastra
802 2673 831 2720 et
845 2661 955 2720 sarcula
968 2659 1077 2720 tantiam

228 2741 343 2798 Assueti
358 2761 488 2832 coquere,
503 2753 531 2798 et
545 2743 644 2798 marris
655 2761 688 2798 ac
703 2761 814 2800 vomere
828 2737 893 2798 lassi

227 2819 390 2876 Nescieriut
402 2821 484 2894 primi
476 2817 605 2896 gladios
619 2821 774 2877 extundere
789 2819 867 2876 labri.

228 2889 412 2974 Adspicimus
425 2897 551 2973 populos,
565 2917 684 2974 quorum
698 2917 755 2956 non
770 2897 891 2956 sufficit
884 2915 932 2954 rrae

216 2973 376 3035 ‘Occidisse
390 2977 528 3050 aliquem;
550 2977 599 3034 sed
613 2988 737 3053 pectora,
749 2979 874 3050 brachia,
887 2977 995 3034 vultum

227 3053 408 3114 Crediderim
421 3075 511 3133 genus
522 3075 584 3114 esse
599 3057 663 3114 cibi.
704 3056 786 3118 Quid
800 3057 908 3114 diceret
921 3055 1000 3132 ergit,

226 3132 282 3194 Vel
295 3132 351 3210 qud
365 3154 423 3193 non
437 3135 593 3212 sugeret,
571 3157 594 3193 sr
609 3155 686 3194 nunc
700 3137 762 3193 haec
776 3147 900 3194 monstra
913 3135 1020 3194 videret

227 3213 409 3351 'lqthagoraq
423 3216 536 3273 cunctis
549 3215 717 3274 animalibus
732 3217 866 3274 abstinuit
879 3215 927 3292 qui
1051 3265 1054 3271 .

128 3292 132 3302 ’
258 3311 379 3370 anquam
394 3294 517 3369 homine,
531 3307 559 3354 et
573 3295 663 3354 ventri
676 3295 793 3352 indulsit
806 3313 863 3352 non
877 3311 961 3353 omne
975 3293 1129 3372 legumen!

266 3765 348 3830 Qurs
362 3785 511 3826 numerare
524 3777 608 3844 queat
622 3767 712 3826 felicis
732 3767 857 3844 premia,
870 3766 965 3841 Galle,

228 3843 361 3905 Militiae'l
401 3845 513 3904 Nam
491 3867 515 3904 sr
528 3847 683 3904 subeuntur
696 3865 828 3922 prospera
841 3856 943 3920 castra,

229 3923 279 3986 Me
291 3923 424 4003 pavidum
437 3925 559 4002 excipiat
572 3925 692 3984 tironem
706 3937 786 4002 porta
799 3925 925 3984 secundo

589 3607 747 3668 suumn
767 3607 850 3668 XVI.
