2628 4430
497 383 619 452 sarias
637 361 674 432 v'r
774 394 777 408 ι
918 354 922 368 ’
1004 359 1014 384 ”
1034 385 1075 444 25

119 529 315 588 Conventum
327 541 432 601 tamen,
445 539 475 586 et
487 539 610 605 pactum,
623 540 651 586 et
664 527 813 604 sponsalia,
827 529 922 588 nostri
1033 527 1073 586 25

81 607 279 686 Tempestate
292 627 383 685 paras,
394 608 507 684 jamque
520 627 536 664 a
551 619 661 680 tonsore
674 609 807 684 magistro

82 689 235 761 Pectoris,
248 699 277 746 et
289 689 378 766 digito
390 688 494 763 pignus
508 687 623 744 fortasse
636 685 746 744 dedisti.
837 732 840 740 ,
943 727 947 734 .

82 765 176 826 Certe
194 787 288 825 sanus
299 767 379 826 eras!
402 766 533 838 Uxorem,
548 765 805 837 Postume„dpcist

80 847 150 919 Die,
167 847 234 922 qud
247 846 413 922 Tisiphone,
426 845 527 920 quibus
540 846 683 921 exagitdre
696 843 836 903 colubrisl
913 845 916 852 '

80 926 175 986 Perre
192 939 277 1002 potes
289 926 434 984 dominam
446 925 528 982 salvis
541 935 582 981 tot
595 924 715 982 restibus
728 925 823 996 ullam,
1031 922 1073 984 80

81 1005 192 1067 Quum
207 1016 324 1082 pateant
337 1005 400 1063 alte
414 1003 625 1080 caligantesque
637 1004 794 1075 teneura,
826 1027 830 1036 ’

81 1083 192 1144 Quum
207 1086 260 1142 tibi
273 1085 398 1141 ricinum
412 1102 442 1141 se
455 1083 578 1160 prebeat
592 1082 724 1140 AEmilius
737 1082 867 1158 ponsl-

84 1164 143 1222 Sed
158 1165 261 1241 placet
274 1163 386 1222 Ursidio
398 1162 444 1220 lex
458 1161 553 1220 Julia:
574 1163 671 1220 tollere
684 1161 797 1220 dulcem
867 1213 872 1224 .

82 1243 207 1320 Cogitat
220 1243 363 1302 heredem
375 1243 513 1302 cariturus
525 1251 633 1321 orrture
646 1259 768 1318 magno,

82 1321 304 1398 Mullorumque
315 1322 400 1398 jubis,
415 1333 443 1379 at
456 1332 599 1396 captatore
612 1319 737 1378 macello.
771 1315 776 1324 “

83 1401 169 1464 Quid
184 1403 249 1460 fieri
263 1421 321 1461 non
333 1419 416 1477 posse
428 1411 520 1478 putes,
534 1401 558 1457 si
569 1399 696 1476 jungitur
709 1399 766 1476 ulla

84 1480 226 1540 Ursidiol
247 1483 271 1540 si
284 1481 458 1539 moeclrcrum
469 1479 633 1560 notissimus
645 1479 712 1536 olim

86 1561 186 1620 Stulta
198 1559 323 1618 maritali
334 1560 393 1636 jam
405 1559 522 1635 porrigit
535 1577 585 1616 ora
597 1559 729 1634 capistr0,
752 1555 757 1566 '

85 1639 190 1701 Quem
203 1641 289 1698 toties
302 1639 372 1697 texit
384 1637 501 1714 perituri
515 1637 588 1694 cista
600 1638 718 1694 Latinil
773 1693 776 1700 ,

85 1717 192 1780 Quidl
213 1717 291 1795 qudd
304 1729 333 1776 et
347 1717 470 1792 antiquis
485 1735 554 1774 uxor
567 1715 605 1774 do¹
617 1715 795 1774 moribusilli
1030 1715 1070 1778 40

87 1797 249 1858 Quaeritur.
290 1797 318 1855 0
331 1796 445 1868 medici,
459 1796 582 1854 mediam
595 1795 757 1871 pertundite
770 1797 886 1858 reum!

88 1876 219 1936 Delicias
233 1877 370 1936 hominis!
412 1875 567 1954 Tarpeium
583 1875 669 1935 limen
677 1876 769 1955 'adora

88 1955 214 2029 Pronus,
230 1966 258 2014 et
272 1967 398 2013 auratam
411 1953 518 2014 lunoni
533 1956 611 2012 crede
623 1953 784 2030 juvencam,

91 2035 119 2093 Si
133 2037 187 2094 tibi
203 2035 355 2111 contigerit
368 2034 468 2110 capitis
481 2043 610 2092 matrona
621 2034 726 2110 pudici.

91 2112 193 2173 Paucae
209 2112 282 2172 aded
296 2114 409 2172 Cereris
420 2114 504 2170 vittas
518 2111 800 2188 contingeredignrc,
1007 2163 1010 2172 ,
1028 2114 1068 2172 ὥ

92 2191 225 2254 Quarum
238 2213 295 2251 non
308 2193 407 2252 timeat
419 2204 499 2267 pater
509 2193 618 2250 oscula.
658 2191 751 2249 Necte
764 2210 899 2250 coronans
913 2185 934 2238 ι’
1011 2223 1013 2231 v

92 2270 233 2346 Postibus,
246 2283 277 2330 et
290 2273 392 2330 densos
405 2289 454 2347 por
462 2271 567 2328 limina
578 2271 663 2331 tende
678 2267 832 2345 corymbos.

92 2349 168 2410 Unus
183 2351 311 2410 Iberinae
323 2351 363 2408 vir
378 2351 502 2408 sufficitt
541 2349 636 2409 Ociirs
646 2350 716 2410 illud

94 2429 289 2508 Extorquebis,
303 2441 335 2486 ut
348 2431 409 2488 haee
422 2431 505 2488 oculo
518 2441 652 2504 cententa
665 2429 701 2486 sit
713 2447 779 2488 uno.
797 2485 802 2494 ,
849 2467 853 2476 «

130 2511 242 2588 Magna
254 2520 349 2568 tarnen
364 2510 440 2566 sama
452 2519 496 2566 est
509 2509 659 2582 cujusdam
673 2525 738 2564 rure
751 2519 870 2582 paterno
997 2535 1000 2542 ¹
1026 2509 1067 2569 6⁰
1201 2505 1203 2512 ’

101 2585 227 2649 litantis.
268 2589 353 2658 Vivat
365 2588 474 2658 Gabiis,
489 2598 520 2644 ut
534 2587 601 2644 vixit
614 2587 644 2642 in
659 2605 743 2661 agro;
1085 2601 1088 2612 ·

103 2666 172 2728 llirat
186 2665 323 2726 Fidenis!
365 2667 402 2724 Et
417 2665 508 2742 agello
521 2667 746 2740 cede-paterno:

99 2744 162 2807 Quis
176 2760 275 2807 tamen
290 2747 417 2817 affirmat,
432 2745 471 2806 nil
486 2756 580 2803 actum
594 2746 625 2802 in
638 2743 790 2817 montibus,
805 2753 853 2804 aut
866 2746 896 2804 in
913 2781 916 2788 ·

95 2824 261 2902 Speluncisl
282 2823 366 2884 Adeo
381 2835 536 2884 senuerunt
549 2824 659 2900 Jupiter
673 2835 702 2883 et
716 2823 795 2884 Mars
804 2826 821 2886 l.

126 2906 324 2966 Porticibusne
337 2905 388 2962 tibi
401 2916 570 2964 monstratur
584 2904 773 2978 faeminarum
930 2949 934 2956 -
1024 2908 1064 2966 65

93 2977 186 3061 Digna
200 2987 271 3044 tuol
292 2983 399 3042 Cuneis
414 3003 450 3042 arr
465 2986 570 3042 habent
583 2984 744 3059 spectacula
756 2985 831 3056 totis,

91 3061 175 3124 Quod
190 3079 306 3122 securus
320 3081 406 3136 ames,
420 3065 548 3138 quodque
563 3064 629 3120 inde
641 3081 791 3136 excerpere
804 3062 953 3138 pomisla-

92 3141 207 3220 Accipis
221 3161 345 3214 uxorem,
360 3143 395 3200 de
409 3141 465 3216 qud
478 3141 649 3198 citharoedus
663 3139 774 3196 Echion

91 3221 150 3280 Aut
162 3222 323 3299 Glaphyrus
335 3221 384 3280 fiat
395 3229 483 3296 peter,
498 3218 718 3292 Ambrosiasque
732 3217 886 3276 choraules.
1076 3255 1079 3264 ‚

91 3297 188 3379 Longa
201 3319 251 3378 per
264 3312 396 3377 angusos
409 3299 528 3376 ligamus
540 3296 647 3374 pulpita
657 3297 750 3356 vicos:
925 3313 927 3320 ¹
1023 3293 1063 3368 ω

91 3375 234 3439 Ornentur
246 3391 350 3458 postas,
363 3371 392 3438 dt
405 3378 505 3456 grandi
516 3377 603 3454 janua
615 3375 707 3448 lauro,
952 3418 956 3431 .
1161 3385 1169 3398 ·

91 3455 126 3517 Ut
138 3460 299 3518 testudineo
311 3459 371 3530 tibi,
385 3457 514 3530 Lentule,
528 3475 654 3532 conopeo
734 3497 737 3508 .
800 3515 804 3524 ,

91 3534 200 3597 Nobilis
214 3537 367 3614 Euryalum
381 3536 576 3596 mirmillonern
590 3536 726 3611 exprimat
738 3533 845 3598 insana,
877 3595 880 3604 ,

126 3617 227 3694 Nupta
239 3615 361 3675 senatori
374 3617 505 3674 comitata
517 3625 560 3673 est
574 3613 679 3691 Hippia
692 3614 800 3673 ludium
917 3655 921 3668 .

16 3711 20 3792 q
91 3694 136 3756 Ad
150 3696 272 3769 Pharon,
286 3707 314 3754 et
327 3694 436 3766 Nilum,
451 3695 609 3770 famosaque
623 3691 822 3770 amnia'Lagi,
1022 3695 1061 3761 δέ
1129 3745 1131 3751 ,

91 3767 221 3852 Prodigia
234 3786 263 3833 et
277 3789 368 3832 mores
380 3772 465 3830 Urbis
477 3774 631 3832 damnante
643 3773 768 3848 Canopo.

91 3849 241 3913 Immemor
254 3855 301 3912 illa
313 3852 422 3925 dormis,
436 3861 465 3912 et
477 3853 614 3929 conjugis,
625 3851 838 3927 atqucaororls,

980 1866 988 1932 l

92 3929 139 3991 Nil
151 3933 248 4011 patrie
262 3932 396 4070 indqqsin
417 3932 611 4010 plorantesque
625 3931 751 4008 iurpmba
763 3942 855 4010 natos,
973 3967 975 3972 ·
