2628 4430
200 347 238 406 12
512 345 544 395 n.
561 346 658 396 rann
675 345 872 398 ruvanrnrs

198 486 263 558 Res
276 497 396 564 augona
408 488 502 558 domi;
524 491 574 546 sed
589 489 691 548 Rome
705 490 801 548 durior
816 490 873 548 illis

197 564 341 622 Conatus:
364 585 467 641 magno
481 567 633 644 hospitium
648 567 936 644 miserabilemque

197 643 348 701 Servorum
363 657 485 716 ventres,
500 657 529 702 et
543 646 616 720 frugi
631 647 744 704 curnula
757 665 870 722 magno.

197 721 347 798 Fictilibus
360 741 473 780 coenare
487 724 584 799 pudet,
598 725 674 799 quod
688 736 769 800 turpe
784 724 899 800 negavit

195 798 367 858 Translatus
380 799 473 858 subitd
488 803 523 860 ad
538 802 649 860 Marsos
663 823 845 878 mensamque
860 801 1021 873 Sabellam
1068 843 1074 850 ,

194 877 410 954 contentusque
424 879 483 936 illic
509 895 611 938 veneto
623 881 749 955 duroque
763 881 878 939 culullo.

234 957 302 1036 Pars
317 977 420 1033 magna
434 957 523 1014 ltaliae
537 970 590 1030 est,
604 959 628 1016 si
643 978 738 1016 verum
754 960 938 1032 admittimus,
953 960 982 1016 in
996 959 1052 1036 quit

193 1033 289 1094 Nemo
303 1047 397 1112 togam
412 1037 507 1107 sumit,
521 1038 576 1094 nisi
591 1049 725 1106 mortuus.
767 1037 833 1114 Ipsa
847 1039 955 1096 dierum

193 1113 344 1172 Festorunr
360 1115 479 1172 herboso
493 1116 594 1172 colitur
608 1117 631 1172 si
645 1117 759 1190 quando
773 1117 883 1174 theatro

193 1191 338 1268 Majestas,
353 1194 523 1268 tandemque
538 1195 611 1252 redit
626 1195 660 1250 ad
675 1195 783 1270 pulpita
797 1207 895 1252 notum

192 1269 345 1344 Exodium,
359 1291 446 1346 quum
461 1291 587 1348 personae
608 1273 740 1348 pallentis
755 1273 863 1330 hiatum

191 1347 227 1406 In
242 1350 351 1425 gremio
365 1351 462 1422 matris
476 1351 607 1408 formidat
621 1351 743 1408 rusticus
758 1352 871 1417 insans;

192 1427 330 1503 AEqueles
345 1428 459 1486 habitus
473 1429 541 1502 illic,
557 1430 716 1504 similesque
731 1429 839 1486 videbis

189 1505 376 1564 Orchestram
390 1519 419 1564 et
432 1509 586 1583 populum:
607 1509 676 1564 clari
691 1509 819 1564 velamen
834 1508 968 1582 honoris,

190 1586 344 1644 Sufficiunt
357 1586 462 1643 tunicae
476 1588 592 1644 summis
606 1587 735 1644 aedilibus
749 1587 828 1644 albae.

190 1663 250 1722 Hic
264 1665 336 1722 ultra
350 1665 423 1725 vires
437 1666 550 1724 habitas
565 1667 653 1724 nitor:
676 1665 723 1722 hic
737 1665 842 1740 aliquid
856 1665 929 1740 plus,

188 1742 289 1804 Quam
304 1741 372 1800 satis
386 1754 438 1814 est,
454 1744 596 1802 interdum
610 1745 703 1802 alienia
717 1746 836 1802 sumitur
850 1743 925 1800 arod,

189 1821 350 1879 Commune
364 1821 393 1878 id
409 1823 505 1878 vitium
520 1833 571 1880 est.
612 1821 672 1880 Hic
688 1823 806 1879 vivimus
820 1821 968 1879 ambitiosa

188 1899 359 1977 Paupertate
373 1921 481 1959 omnes.
522 1901 602 1962 Quid
618 1914 645 1957 te
660 1903 772 1958 mororl
793 1900 899 1957 Omnia
914 1901 1016 1958 Romae

187 1979 264 2036 Cum
278 1980 374 2056 pretio.
415 1979 497 2040 Quid
509 1980 569 2050 das,
585 1991 616 2037 ut
630 1981 750 2036 Cossum
765 1979 916 2054 aliquando
930 1979 1056 2038 salutesl

187 2057 226 2116 Ut
240 2069 268 2116 te
283 2058 418 2134 respiciat
431 2059 529 2116 clauso
544 2059 665 2116 Veiento
679 2059 800 2115 labellel

187 2136 240 2194 Ille
255 2139 334 2194 metit
348 2138 474 2208 barbam,
489 2139 596 2194 crinem
613 2138 660 2194 hic
676 2137 791 2212 deponit
803 2137 896 2194 amati.

186 2215 275 2273 Plena
289 2217 390 2273 domus
404 2216 469 2274 libis
483 2216 640 2274 venalibus.
683 2216 804 2292 Accipe,
818 2227 846 2272 et
861 2215 935 2272 istud

186 2293 372 2352 Fermentum
386 2295 437 2352 tibi
453 2295 539 2352 habe:
560 2307 692 2369 prestare
707 2295 811 2351 tributa
826 2295 945 2350 clientes

185 2373 333 2448 Cogimur,
348 2386 377 2430 et
390 2374 475 2430 cultis
489 2392 594 2447 augere
609 2373 720 2447 peculia
738 2373 834 2430 servis.

224 2451 300 2513 Quis
314 2453 404 2522 timet,
419 2465 468 2508 aut
481 2452 575 2508 timuit
588 2452 682 2525 gelida
698 2451 840 2508 Praeneste
855 2451 977 2523 ruinam,

185 2530 245 2587 Aut
258 2531 356 2606 positis
370 2549 518 2588 nemorosa
530 2529 602 2586 inter
615 2530 683 2605 juga
697 2529 843 2602 Volsiniis,
857 2542 905 2588 aut

185 2609 369 2684 Simplicibus
382 2610 492 2679 Gabiis,
506 2621 555 2666 aut
568 2609 649 2684 proni
664 2608 781 2666 Tiburis
795 2609 880 2666 arcel

183 2687 246 2744 Nos
261 2688 358 2744 urbem
374 2689 494 2744 colimus
504 2688 583 2744 tenui
598 2687 715 2744 tibicine
731 2688 827 2745 fultam

183 2763 292 2840 Magna
306 2778 384 2841 parte
399 2765 451 2821 sui.
493 2765 569 2825 Nam
584 2784 626 2821 stc
640 2765 800 2822 labentibus
813 2766 906 2840 obstat

182 2843 313 2915 Villicus,
327 2856 356 2900 et
371 2845 473 2900 veteris
487 2845 565 2900 rimae
578 2862 665 2917 quum
680 2845 752 2902 texit
765 2843 886 2914 hiatum,

182 2922 306 2979 Securos
319 2923 463 2997 pendente
475 2923 556 2998 jubet
569 2923 692 2980 dormire
706 2923 799 2980 ruintl.

181 3001 345 3058 Vivendum
358 3014 402 3060 est
416 3001 486 3071 illic,
501 2999 549 3056 ubi
564 3000 642 3057 nulla
656 3001 799 3072 incendia,
811 2999 881 3058 nulli

180 3078 275 3137 Nocte
290 3092 389 3136 metus.
431 3079 497 3136 Jam
511 3079 603 3155 poscit
618 3079 799 3154 aquam,jam
814 3079 910 3136 frivola
923 3079 1055 3136 transfert
1110 3079 1167 3138 180

180 3157 326 3234 Ucalegon
338 3182 345 3232 ;
367 3159 493 3217 tabulata
506 3160 557 3216 tibi
576 3159 634 3234 jam
648 3159 731 3214 tertia
745 3159 870 3218 fumant:

180 3236 229 3294 'l'u
243 3239 346 3295 nescis.
389 3237 465 3294 bam
479 3239 503 3294 si
517 3237 652 3313 gradibus
666 3237 819 3312 trepidatur
834 3235 869 3292 ab
880 3235 954 3310 imis,

88 3323 90 3330 '
179 3315 302 3374 Ultimus
317 3317 435 3388 ardebit,
450 3335 534 3390 quem
549 3317 646 3390 tegula
660 3316 720 3372 sola
734 3326 827 3372 tuetur

99 3405 107 3422 ·
180 3396 327 3471 Apluvid,
342 3395 440 3452 molles
455 3395 503 3452 ubi
519 3395 640 3452 reddunt
654 3414 707 3452 ova
718 3395 866 3477 ooldpnbze.
962 3382 1053 3477 'm

179 3473 285 3532 Lectus
299 3485 359 3532 erat
373 3473 467 3542 Codro
482 3473 603 3534 Procula
618 3474 721 3546 minam
735 3473 842 3530 urceoli
856 3491 917 3542 sex,

178 3551 389 3610 Ornamentum
402 3553 494 3618 abaci,
524 3571 578 3608 nec
593 3572 650 3609 non
665 3563 693 3608 et
706 3552 839 3628 parvulus
853 3547 926 3610 inlrd

178 3631 350 3702 Cantharus,
365 3644 394 3690 et
407 3631 548 3688 recubans
562 3630 614 3686 sub
628 3631 727 3688 eodem
743 3649 882 3688 marmore
896 3629 1023 3700 Chiron3

177 3709 300 3784 Jamque
315 3722 393 3768 vetus
407 3711 524 3768 Graecos
538 3709 665 3766 servabat
681 3709 752 3766 cista
765 3709 885 3780 libellos,

177 3787 216 3846 llt
228 3789 324 3845 divina
337 3789 411 3865 opici
426 3790 564 3846 rodebant
578 3787 706 3844 earmina
721 3807 823 3844 mures
936 3847 940 3854 ,
1044 3856 1049 3866 r

178 3865 228 3923 Nil
242 3867 339 3924 babuit
354 3868 482 3926 Codrus:
503 3867 566 3942 quis
580 3867 656 3922 eninr
672 3867 777 3940 negatl
798 3877 937 3924 ettamen
953 3865 1022 3922 rllud
1106 3867 1163 3926 19⁰
