2646 4416
214 373 272 436 ης
554 369 584 416 ι.
602 365 713 418 ranan
731 363 855 418 resecr

213 511 292 569 'l'un'
307 527 384 567 mare
397 508 573 566 transsiliasl
591 507 653 578 tibi,
666 507 740 566 torti
752 506 882 564 cannabe
896 505 976 577 fulto,

214 588 305 646 Ooena
318 589 355 645 sit
369 587 398 644 in
412 587 556 644 transtrol
596 585 846 658 Veientanumque
859 583 999 640 rubellum

213 664 335 724 Exhalet
348 664 450 750 vapidi
463 664 563 720 laesam
576 664 641 739 pice
655 661 749 718 fissilis
761 662 855 720 obbal

213 743 294 803 Quid
307 743 401 818 petisl
422 751 453 798 ut
466 741 586 812 nummi,
599 759 669 816 quos
683 737 731 796 hic
744 739 906 814 quincunce
919 738 1048 796 modesto

216 819 372 890 Nutrieras‚
386 830 505 894 pergant
519 819 615 876 avidos
628 817 730 874 sudare
744 817 890 882 deuncesl
1146 813 1206 872 15⁰

214 895 335 971 ludulge
349 895 443 970 genio,
458 914 607 970 carpamus
620 895 734 952 dulcia:
751 905 882 954 nostrum
895 904 948 965 est,

212 973 301 1035 Quod
316 973 402 1030 vivis:
424 973 497 1030 cinis
509 988 538 1032 et
550 992 650 1032 manes
662 981 691 1030 et
704 971 798 1028 fabula
812 971 869 1030 fies.

213 1051 285 1110 Vive
299 1068 405 1108 memor
419 1050 482 1107 leti:
504 1051 576 1126 sugit
588 1052 674 1108 hora:
696 1049 761 1119 hoc,
771 1049 845 1123 quod
856 1048 964 1124 loquor,
977 1049 1044 1106 inde
1057 1057 1111 1104 est.

253 1128 298 1184 En
312 1128 379 1202 quid
393 1129 476 1202 agisl
496 1129 602 1202 duplici
616 1128 646 1184 in
660 1128 801 1183 diversum
816 1125 955 1184 scindetis
971 1128 1073 1184 barno:

216 1204 368 1264 Hunccine
383 1223 419 1261 an
434 1206 510 1261 bunc
524 1205 671 1278 sequerisl
692 1203 794 1268 subeas
807 1204 932 1261 alternus
944 1213 1053 1280 oportet
1146 1201 1207 1260 155

161 1339 162 1342 ,
215 1283 343 1358 Ancipiti
356 1279 491 1355 obsequio
505 1282 634 1339 dominos
645 1302 652 1349 ;
674 1282 799 1338 alternus
812 1282 934 1340 oberres.

215 1359 280 1416 Nec
294 1372 335 1430 tu,
349 1378 436 1434 quum
449 1359 590 1416 obstiteris
603 1359 700 1430 semel,
715 1359 890 1434 instantique
903 1358 1019 1436 uegdris

214 1437 318 1499 Parere
332 1436 459 1511 imperio,
473 1437 551 1512 Rupi
562 1436 621 1511 jam
636 1436 759 1506 vincula,
773 1437 861 1493 dicas.

215 1513 291 1571 Nam
305 1525 334 1571 et
346 1514 452 1570 luctata
465 1515 544 1570 canis
558 1515 664 1572 nodum
679 1515 798 1588 abripit:
819 1525 943 1570 attamen
957 1513 1008 1586 illi,

214 1591 315 1652 Quum
326 1591 406 1665 sugit,
421 1611 438 1647 a
451 1591 525 1648 collo
537 1591 655 1649 trabitur
668 1611 734 1666 pars
747 1592 831 1666 longa
844 1601 961 1648 catena.
1146 1588 1207 1648 16⁰

254 1668 343 1739 Dave,
357 1666 426 1738 citri,
441 1669 496 1725 hoc
509 1671 608 1726 credas
618 1669 714 1744 jubeo,
728 1670 809 1728 linire
823 1668 934 1728 dolores

215 1745 374 1802 Preteritos
388 1746 525 1802 meditor:
548 1745 679 1820 (crudum
695 1749 901 1806 Charestratus
916 1763 1041 1822 unguem

215 1823 365 1880 Abrodens
378 1823 417 1877 ait
431 1823 515 1900 lraec.)
536 1843 572 1880 an
587 1825 672 1882 siccis
685 1827 809 1882 dedecus
822 1824 931 1880 obstem

215 1899 373 1973 Cognatisl
394 1918 430 1954 an
445 1918 504 1954 rem
519 1901 636 1974 patriam
651 1920 763 1958 rumore
777 1900 891 1958 sinistro
1248 1925 1253 1934 ·

214 1975 315 2032 Limen
330 1976 365 2032 ad
379 1975 545 2033 obscoenum
559 1977 696 2052 frangam,
707 1979 775 2034 dum
790 1976 937 2050 Chrysidis
951 1979 1022 2035 udas
1150 1977 1208 2036 165

214 2051 318 2109 Ebrius
332 2063 396 2110 ante
410 2051 483 2110 sores
496 2054 635 2112 exstincti
648 2074 715 2112 cum
729 2055 790 2112 face
804 2055 910 2114 cantol
1009 2057 1013 2070 ’

215 2135 223 2162 ⁸
238 2129 330 2205 Euge,
344 2149 423 2206 puer,
438 2130 548 2205 sapias:
569 2131 613 2188 dis
627 2133 832 2208 depellentibus
846 2149 949 2206 agnam
997 2147 1000 2152 ·

215 2207 352 2266 Parente?
375 2273 377 2280 Ι
394 2209 592 2281 Sedcensen',
605 2210 734 2284 plorabit,
749 2211 837 2280 Dave,
852 2210 971 2268 relictui

215 2292 223 2318 ‘
238 2284 268 2340 N
271 2286 364 2359 ugaris
376 2305 383 2341 :
404 2285 480 2347 soleti
494 2303 563 2360 puer
576 2287 760 2363 obiurgabere
775 2288 869 2344 rubra.

214 2362 262 2418 Ne
275 2363 415 2437 trepidare
430 2363 507 2432 velis,
521 2375 604 2437 atque
618 2377 710 2424 arctos
724 2366 822 2424 rodere
836 2381 940 2422 casses.
1164 2365 1206 2425 tu

215 2439 303 2497 Nunc
318 2439 392 2496 ferus
406 2452 435 2496 et
448 2441 573 2498 violens:
593 2452 631 2514 at,
646 2443 669 2499 si
683 2453 774 2514 vocet,
788 2443 865 2500 baud
878 2459 967 2513 mora,
980 2443 1071 2515 dicas,

213 2517 363 2578 Quidnam
377 2517 462 2592 igitur
476 2519 598 2578 faciaml
619 2539 655 2577 ne
670 2539 758 2592 nunc,
771 2538 858 2594 quum
870 2536 1012 2592 accersor,
1023 2531 1053 2578 et
1067 2519 1143 2578 ultro

215 2595 373 2668 supplicat,
388 2597 545 2652 accedaml
566 2598 590 2654 si
603 2609 678 2656 totus
692 2611 721 2656 et
734 2600 843 2673 integer
857 2597 937 2654 illinc

214 2671 343 2742 Exieras‚
357 2691 394 2730 ne
408 2675 503 2730 nunc)
545 2674 613 2744 Hic,
629 2677 686 2745 liic,
699 2695 783 2750 quem
797 2675 960 2749 querimus,
974 2673 1023 2732 lriu
1036 2687 1097 2734 est:

214 2747 282 2804 Non
297 2747 326 2803 in
341 2749 459 2817 festuca,
474 2749 554 2806 lictor
565 2769 651 2824 quam
662 2753 750 2826 jactat
763 2752 884 2824 ineptus.
1145 2754 1206 2812 175

138 2849 139 2858 ι
214 2825 233 2882 J
235 2843 268 2879 us
283 2824 367 2880 habet
381 2826 427 2882 ille
439 2826 485 2880 sul
499 2826 591 2900 palpo,
605 2845 689 2899 quem
703 2829 782 2886 ducit
796 2828 922 2884 hiantem

214 2902 329 2958 Cretata
343 2901 478 2960 ambitiol
518 2899 624 2978 Vigila,
637 2916 666 2961 et
679 2905 756 2962 cicer
771 2905 869 2980 ingere
882 2903 962 2980 large

214 2978 334 3037 Rixanti
348 2979 460 3054 populo,
476 2991 571 3038 nostra
584 2991 616 3040 ut
629 2981 752 3040 Floralia
764 2981 872 3058 possint

215 3055 315 3132 Aprici
329 3059 490 3114 meminisse
504 3077 594 3116 senes.
635 3059 716 3122 Quid
729 3061 973 3136 pulchriusl-At
985 3079 1075 3136 quum

215 3135 339 3192 Herodis
352 3135 456 3194 vendre
469 3137 697 3212 diessunctaqne
711 3139 834 3196 fenestrd
851 3168 854 3175 ·
873 3189 878 3194 .
1146 3142 1205 3202 181

215 3213 365 3286 Dispositae
378 3214 512 3290 pinguem
526 3216 657 3274 nebulam
672 3215 805 3274 vomuere
818 3217 953 3287 lucerna,

215 3291 363 3348 Portantes
377 3293 472 3362 violas,
486 3291 657 3367 rubrumque
671 3293 798 3369 amplexa
811 3295 937 3352 catinum

216 3369 320 3429 Gauda
333 3380 410 3426 natat
424 3370 534 3448 tlry'nui,
547 3377 637 3428 tumet
650 3371 714 3428 alba
728 3371 824 3429 fidelia
838 3372 921 3428 uino:

216 3445 309 3504 Labra
323 3465 418 3504 moves
431 3447 543 3518 tacitus,
558 3449 732 3527 recutitaque
746 3450 862 3506 sabbata
875 3449 972 3524 pallea.

216 3523 305 3581 Tunc
319 3523 392 3599 nigri
402 3525 533 3603 lemures,
547 3544 654 3598 ovoque
667 3525 794 3601 pericula
806 3538 906 3602 rupto:
1146 3529 1204 3589 185

217 3599 297 3658 Hinc
310 3603 432 3674 grandes
445 3601 530 3673 Galli,
545 3613 574 3660 et
587 3621 653 3660 cum
667 3603 749 3662 sistro
761 3605 842 3662 lusca
854 3606 996 3677 sacerdos,

217 3675 370 3734 lacessere
385 3679 453 3736 deos
466 3679 598 3745 inflantes
611 3699 737 3756 corpora,
752 3683 776 3740 si
789 3701 847 3740 non

218 3754 390 3814 l‘radicturn
403 3767 446 3814 ter
459 3775 543 3814 mans
555 3771 641 3834 eaput
654 3761 811 3835 gustaveris
824 3759 883 3820 alli.
