2646 4416
528 387 651 436 sunna
668 389 702 437 11.
1065 397 1105 454 95

120 525 199 588 Quae
213 527 268 585 nisi
283 528 407 586 seductis
421 547 544 604 nequeas
558 533 733 590 committere
747 534 827 592 diris.

121 605 163 664 At
176 607 254 664 bona
266 627 330 682 pars
343 627 490 684 procerum
504 611 590 667 tacita!
605 612 700 669 libavit
714 614 819 671 acerra.
1084 619 1105 674 5

121 685 212 742 Haud
227 687 316 742 cuivis
329 699 487 762 promptum
507 702 559 760 est,
579 709 759 766 murmurque
781 693 956 768 humilesque
976 714 1104 754 susurros

122 763 240 822 Tollere
255 767 290 822 de
304 767 414 840 templS,
429 778 457 823 et
473 779 567 842 aperto
582 770 673 826 vivere
688 783 759 829 voto.

123 843 210 902 Mens
225 845 308 916 bona,
324 846 406 917 fama,
419 846 497 918 fides,
513 848 574 903 haec
586 845 672 920 clare,
687 861 715 906 et
729 862 760 907 ut
773 850 869 908 audiat
882 853 998 926 hospes:

123 923 177 980 Illa
191 924 245 980 sibi
259 925 409 982 introrsum
424 937 451 982 et
466 927 518 982 sub
531 927 629 1002 lingua
644 929 857 986 immurmurat:
878 931 906 988 Ο
920 933 943 989 si

124 1003 232 1060 Ebullit
245 1015 369 1078 patruus,
383 1006 549 1078 praeclarum
565 1008 664 1064 funus!
686 1020 724 1079 et,
739 1009 766 1066 Ο
781 1008 804 1065 si
1067 1014 1103 1072 1⁰

125 1083 186 1140 Sub
200 1093 290 1139 rastro
304 1094 399 1158 crepet
413 1085 522 1159 argenti
536 1087 605 1142 mihi
620 1088 704 1160 seria,
719 1089 817 1146 dextro

124 1161 267 1218 Hercule!
289 1163 458 1238 pupillumve
474 1165 592 1237 utinam,
606 1185 690 1240 quem
705 1169 848 1241 proximus
862 1169 952 1226 haeres

123 1241 254 1316 Impello,
269 1259 444 1317 expungam:
465 1262 585 1318 namque
600 1257 643 1301 est
656 1247 811 1318 scabiosus,
823 1257 851 1304 et
865 1248 923 1306 acri

120 1321 184 1378 Bile
200 1332 298 1377 tumet.
341 1321 430 1378 Nerio
441 1323 498 1397 jam
514 1325 594 1393 tertia
608 1325 720 1382 ducitur
735 1327 820 1384 uxor!

120 1399 196 1456 Haec
210 1397 310 1456 sancte
325 1411 356 1457 ut
369 1421 478 1476 poscas,
493 1401 632 1460 Tiberino
647 1404 675 1461 in
690 1406 800 1481 gurgite
815 1407 919 1482 mergis
1065 1411 1103 1468 15

122 1477 211 1536 Mane
223 1490 309 1554 caput
323 1480 365 1536 bis
380 1491 487 1555 terque,
499 1494 527 1538 et
541 1496 654 1540 noctem
668 1483 785 1542 flumine
800 1505 911 1562 purgas,

164 1559 244 1616 Heus
258 1577 321 1634 age,
334 1561 486 1634 responde:
510 1561 672 1633 (minimum
687 1575 738 1635 est,
752 1565 826 1639 quod
841 1567 913 1623 scire
927 1567 1022 1625 laboro
1032 1568 1053 1647 ε)

125 1637 171 1694 De
185 1637 252 1695 Jove
266 1638 334 1713 quid
349 1640 455 1696 sentis!
477 1652 556 1698 estne
572 1653 602 1698 ut
615 1661 776 1718 praeponere
791 1663 873 1701 cures

128 1717 259 1774 Hunc-‘
270 1718 413 1774 cuinam!
437 1720 569 1776 cuinam!
591 1722 631 1776 vis
647 1722 743 1778 Staio!
765 1743 801 1779 an
816 1725 924 1782 scilicet
935 1726 1035 1800 baares,

124 1795 197 1856 Quis
210 1797 301 1872 potior
309 1796 405 1872 judex,
421 1799 548 1872 puerisve
563 1802 625 1874 quis
640 1802 729 1876 aptior
742 1803 837 1860 orbis!
1061 1807 1101 1865 20

121 1875 186 1932 Hoc
195 1876 291 1952 igitur,
307 1895 362 1950 quo
376 1888 405 1932 tu
416 1877 434 1932 J
436 1879 494 1935 ovis
509 1897 605 1936 aurem
620 1881 762 1956 impellere
776 1893 877 1955 tentas,

121 1954 174 2012 Dic
190 1957 315 2030 agedum
328 1955 421 2012 Staio:
443 1959 512 2031 proh
526 1958 653 2034 Jupiter!
676 1960 703 2016 Ο
720 1962 803 2034 bone,
818 1963 932 2036 clamet,

122 2033 250 2111 Jupiter!
273 2047 370 2091 atsese
384 2056 441 2093 non
455 2037 559 2094 clamet
574 2039 684 2114 Jupiter
698 2041 777 2115 ipse!

121 2113 268 2190 ignovisse
283 2126 374 2190 putas,
389 2117 465 2190 quia,
477 2135 563 2189 quum
575 2130 663 2189 tonat,
678 2118 758 2176 ocirls
770 2121 826 2177 ilex

121 2194 235 2250 Sulfure
247 2193 397 2250 discutitur
411 2212 501 2266 sacro,
516 2195 600 2269 qulam
613 2209 697 2270 tuque
712 2199 884 2273 domusque!
1060 2203 1099 2260 25

120 2274 163 2330 An
179 2273 249 2348 quia
263 2293 319 2330 non
335 2272 410 2329 libris
424 2274 518 2330 ovium
532 2275 720 2350 Ergennaque
732 2277 850 2352 jubente

118 2351 214 2408 Triste
228 2352 307 2427 jaces
321 2353 393 2408 lucis
407 2355 623 2428 evitandumque
640 2355 773 2427 bidental,

123 2431 232 2488 ldcirco
248 2431 376 2488 stolidam
390 2433 496 2506 praebet
510 2434 560 2489 tibi
575 2435 675 2490 vellere
691 2435 804 2492 barbam

125 2509 251 2586 Jupiter!
273 2523 320 2566 aut
334 2511 467 2584 quidnam
483 2524 534 2584 est,
548 2513 603 2586 qua!
618 2524 647 2568 tu
662 2515 792 2571 mercede
806 2517 922 2573 deorum

127 2589 231 2646 Emeris
246 2590 408 2648 auriculas!
429 2591 560 2664 pulmone
574 2602 602 2646 et
615 2591 736 2648 lactibus
751 2596 863 2652 unctis!
1060 2597 1099 2658 30

162 2669 237 2726 Ecce
252 2669 323 2740 avia,
339 2681 386 2726 aut
400 2681 529 2726 metuens
543 2670 637 2726 diutim
654 2684 809 2744 matertera,
824 2675 906 2732 cunis

126 2747 235 2806 Exemit
247 2767 377 2823 puerum,
393 2748 565 2824 frontemque
577 2761 659 2824 atque
674 2753 730 2809 uda
743 2753 843 2812 labella

121 2827 222 2886 lnfami
237 2827 325 2902 digito
339 2838 367 2884 et
379 2827 540 2886 lustralibus
554 2827 620 2888 ante!
635 2832 727 2888 salivis

117 2907 232 2984 Expiet,
247 2917 361 2964 urentes
374 2909 470 2964 oculos
485 2908 612 2966 inhibere
626 2913 723 2984 perita.

116 2987 206 3044 Tunc
221 2987 351 3042 manibus
365 2988 464 3060 quatit,
479 2999 507 3044 et
520 3009 597 3062 spem
612 3007 735 3047 macram
751 2994 877 3067 supplice
891 3007 954 3052 voto
1058 2999 1098 3055 35

116 3066 207 3123 Nunc
223 3063 317 3122 Licini
332 3065 361 3122 in
376 3085 500 3141 campos,
515 3086 591 3122 nunc
605 3067 700 3124 Crassi
715 3070 800 3126 mittit
813 3073 842 3126 in
858 3074 940 3128 aedes.

115 3146 209 3202 Hunc
223 3155 320 3219 optent
333 3164 468 3220 generum
484 3164 532 3201 rex
546 3157 574 3202 et
588 3145 700 3220 regina!
723 3148 823 3220 puellae

118 3225 212 3282 Hunc
226 3225 353 3298 rapiant!
376 3225 510 3298 quicquid
525 3223 674 3281 calcaverit
687 3225 744 3296 hic,
759 3245 822 3282 rosa
835 3227 901 3284 liat!

115 3305 173 3360 Ast
187 3321 243 3378 ego
256 3304 358 3360 nutrici
373 3323 431 3360 non
444 3303 549 3360 mando
563 3314 644 3360 vota:
667 3315 778 3379 negato,

115 3383 241 3458 Jupiter,
256 3383 317 3439 haec
330 3383 379 3454 illi,
393 3382 519 3456 quamvis
532 3393 560 3440 te
574 3383 666 3440 albata
679 3385 792 3459 rogarit.

157 3462 257 3519 Poscis
269 3480 351 3536 opem
365 3463 457 3519 nervis
471 3481 625 3538 corpusque
639 3463 720 3521 fidele
735 3475 864 3523 senectae.

116 3542 200 3614 Esto,
216 3560 285 3616 age:
306 3541 356 3596 sed
370 3544 491 3616 grandes
504 3542 607 3616 patinae
622 3554 770 3619 tucetaque
784 3564 878 3602 crassa

117 3622 260 3678 Annuere
273 3620 455 3694 hisSuperos
468 3620 593 3696 vetuere,
608 3622 763 3698 Jovemque
777 3635 928 3683 morantur.

160 3701 237 3758 Re‘m
251 3710 357 3756 struere
371 3710 485 3774 exoptas
499 3720 573 3758 caeso
587 3702 666 3774 bove,
681 3701 911 3780 Mercuriumque

119 3780 252 3836 Arcessis
266 3779 351 3836 fibra:
373 3778 418 3835 Da
432 3777 574 3836 fortunare
585 3783 720 3856 penates!
1060 3787 1100 3845 ¹15

120 3856 168 3916 Da
182 3877 281 3936 pecuS,
295 3869 324 3915 et
336 3858 469 3934 gregibus
482 3859 598 3916 'soetuml
621 3879 685 3935 quo,
698 3863 829 3936 pessime,
843 3875 935 3938 pacto,

120 3937 180 3996 Tot
194 3938 246 3995 tibi
259 3956 345 4012 quum
360 3938 389 3994 in
404 3936 523 3994 flammis
534 3939 664 4014 junicum
678 3952 792 3999 omenta
804 3941 982 4018 liquescant!

121 4017 158 4075 Et
171 4029 267 4076 tamen
277 4017 324 4074 hic
337 4017 408 4075 extis
420 4029 450 4075 et
463 4017 556 4092 opimo
570 4019 682 4078 vincere
696 4019 766 4078 ferto
