2646 4416
199 372 221 407 a
508 361 631 412 statua
649 362 723 415 xv1.

117 505 231 563 Sidere.
270 503 338 561 Plus
351 503 456 570 etenim
471 504 519 564 fati
534 505 607 564 valet
620 480 689 566 liora
703 505 829 584 benigni,

28 618 32 668 Ι
113 582 219 646 Quam
235 582 260 642 si
280 601 333 642 nos
353 583 474 648 Veneris
488 585 668 646 commendet
681 585 797 664 epistola
811 585 907 663 Marti,

27 681 31 727 ε
115 661 157 728 Et
171 662 273 720 Samia
286 663 484 738 genitrixque
498 663 652 729 delectatur
666 665 761 726 arenti.

27 739 28 747 ’
157 743 319 800 Commoda
332 751 485 800 tractemus
498 739 619 820 primum
634 745 805 818 communia,
820 763 939 822 quorum

115 820 207 879 Haud
222 819 372 878 minimum
386 821 454 886 illud
469 821 531 895 erit,
545 841 582 880 ne
595 831 622 880 te
636 823 747 898 pulsare
758 835 870 900 togatus

117 901 254 969 Audeat;
276 900 372 973 immo,
386 901 437 958 etsi
451 901 587 976 pulsetur,
601 899 769 975 dissimulet,
782 922 837 962 nec

117 980 236 1038 Audeat
249 997 382 1044 excussos
395 979 511 1038 Pretori
521 981 670 1040 ostendere
684 981 793 1056 dentes,

117 1058 155 1118 Et
170 1059 284 1136 nigram
298 1059 329 1114 in
344 1057 415 1124 faeie
428 1059 544 1122 tumidis
557 1059 691 1122 livoribus
704 1061 799 1134 otiam,

118 1139 214 1214 Atque
228 1137 344 1204 oculum
357 1137 469 1206 medico
486 1139 526 1196 nil
540 1137 718 1216 promittente
732 1141 870 1202 relictum.

120 1217 280 1275 Bardaicus
290 1216 378 1292 judex
392 1215 473 1277 datur
489 1219 550 1279 haec
564 1217 666 1296 punire
680 1219 784 1280 volenti
973 1211 977 1236 '

118 1295 254 1368 Calceus,
267 1307 297 1354 et
310 1297 432 1372 grandes
446 1316 550 1374 magna
563 1298 598 1359 ad
613 1298 746 1360 subsellia
759 1317 842 1372 surae,

118 1375 247 1452 Legibus
261 1375 383 1450 antiquis
397 1388 553 1440 castrorum
576 1388 605 1434 et
618 1397 695 1438 more
710 1377 824 1442 Camilli

119 1455 249 1526 Servate,
263 1453 395 1512 milesne
409 1455 512 1522 vallum
526 1456 616 1532 litiget
629 1469 708 1517 extra

120 1533 160 1591 Et
172 1533 270 1610 procul
285 1553 302 1590 a
315 1533 412 1610 signis.
454 1534 472 1592 J
474 1535 615 1594 ustissima
628 1537 837 1596 Centurionum

124 1611 257 1688 Cognitio
271 1623 315 1670 est
328 1613 413 1688 igitur
427 1614 463 1670 de
477 1613 581 1683 milite3
602 1633 658 1672 neo
672 1615 742 1674 mihi
754 1615 844 1674 deerit

125 1690 209 1765 Ultio,
222 1692 245 1750 si
256 1692 341 1768 justa
355 1691 478 1750 defertur
492 1712 578 1750 cansa
591 1694 720 1770 querelae.

119 1770 202 1830 'Tota
213 1771 315 1830 cohors
327 1780 424 1828 tamen
437 1782 481 1830 est
493 1771 618 1843 inimica,
631 1791 786 1850 omnesque
799 1773 916 1851 manipli
1065 1775 1106 1836 20

122 1847 273 1908 Consensu
287 1863 392 1924 magno
406 1850 542 1923 efficiunt,
557 1851 690 1911 curabilis
704 1863 735 1910 ut
748 1853 784 1912 sit

120 1928 258 1987 Vindicta
272 1939 301 1986 et
315 1929 432 2004 gravior,
446 1928 531 2006 quim
545 1930 654 2006 injuria.
696 1929 825 2010 Dignum
838 1933 891 1992 erit
903 1932 972 2010 ergd

122 2007 327 2066 Declamatoris
340 2008 447 2068 mulino
460 2011 544 2068 corde
559 2010 681 2088 Vagelli‚

122 2087 222 2150 Quum
236 2088 294 2146 duo
307 2105 390 2145 crura
402 2087 516 2160 habeas,
529 2089 672 2148 offendere
680 2100 726 2147 tot
739 2089 855 2168 caligas,
868 2102 909 2150 tot

122 2164 214 2228 tullia
227 2165 380 2224 clavorum.
420 2165 496 2228 Quis
509 2178 566 2224 tam
579 2169 677 2244 procul
691 2169 765 2226 absit
778 2169 814 2226 ab
826 2169 903 2226 Urbe
914 2171 926 2227 l

121 2243 263 2304 Praeterea
276 2246 339 2320 quis
351 2256 409 2306 tam
423 2245 551 2318 Pylades,
565 2247 668 2304 molem
682 2247 792 2324 aggeris
806 2247 878 2306 ultra

120 2325 157 2385 Ut
169 2326 287 2383 veniatl
308 2325 438 2400 lacryma
453 2327 594 2384 siccentur
607 2337 751 2401 protenus,
766 2337 838 2384 etse

121 2403 315 2462 Excusaturos
328 2423 386 2462 non
401 2403 584 2464 sollicitemus
598 2405 712 2464 amicos.

124 2483 168 2542 us
180 2494 295 2555 testem,
307 2483 396 2559 judex
409 2503 497 2558 quum
510 2484 628 2542 dixerit:
650 2485 753 2542 audeat
767 2483 824 2557 ille,

127 2561 231 2622 Nescio
245 2563 317 2638 quis,
331 2581 442 2638 pugnos
455 2561 503 2638 qui
517 2563 594 2635 vidit,
609 2563 716 2634 dicere,
731 2563 822 2622 Vidil

130 2639 163 2698 Et
174 2643 291 2700 credam
305 2641 423 2718 dignum
437 2639 534 2714 barbi,
549 2641 722 2720 dignumque
736 2641 844 2718 capillis

128 2717 273 2798 Majorum.
315 2717 408 2778 Citius
422 2721 522 2778 falsum
536 2721 691 2798 producere
704 2731 803 2780 testem

126 2797 230 2860 Contra
242 2817 385 2877 paganum
398 2799 497 2876 possis,
511 2799 598 2876 quim
611 2820 677 2858 vera
689 2800 850 2877 loquentem

121 2877 230 2938 Contra
244 2880 383 2946 lortunain
396 2879 505 2952 armati,
520 2891 671 2956 contraque
685 2881 829 2958 pudorem.

119 2959 244 3020 Praemia
257 2977 335 3015 nunc
348 2959 411 3031 alia,
423 2969 505 3033 atque
519 2959 573 3018 alia
586 2961 777 3018 emolumenta
790 2973 920 3020 notemus

120 3040 380 3096 Sacramentorunr.
422 3037 587 3096 Convellern
601 3039 672 3096 ruris
687 3038 752 3095 aviti

119 3117 281 3194 Improbus,
296 3127 344 3174 aut
357 3134 487 3192 campum
502 3115 570 3172 mihi
586 3115 609 3172 si
623 3117 733 3177 vicinus
747 3118 851 3174 ademit

119 3195 159 3255 Et
173 3214 287 3254 sacrum
300 3195 396 3254 effodit
410 3193 504 3252 medio
517 3193 553 3252 de
566 3195 655 3251 limite
669 3212 780 3265 saxum,

117 3275 211 3337 Quod
224 3269 366 3333 meseum
380 3274 472 3334 vetulo
486 3271 573 3332 coluit
586 3273 648 3350 puls
662 3292 758 3330 annua
769 3273 842 3344 libo;
1069 3342 1073 3351 Ι

119 3353 241 3412 Debitor
257 3363 305 3412 aut
317 3365 443 3432 sumptos
455 3352 546 3430 pergit
560 3373 617 3411 non
631 3351 749 3410 reddere
762 3371 902 3426 nummos,
1003 3344 1008 3355 ¹
1068 3356 1109 3415 4⁰
1156 3385 1161 3394 ·

119 3434 206 3492 Vana
219 3434 384 3510 supervacui
398 3433 497 3492 diceus
508 3433 693 3510 chirographa
706 3431 792 3509 ligni:
1217 3438 1224 3467 ¹

118 3511 338 3590 Exspectandus
350 3512 412 3584 erit,
426 3512 474 3587 qni
487 3512 550 3570 lites
564 3512 686 3584 inchoet,
701 3531 793 3569 annus

121 3591 227 3652 Totius
240 3592 355 3669 populi:
376 3593 426 3648 sed
440 3602 509 3650 tuno
522 3610 633 3668 quoque
646 3591 723 3651 mille
740 3591 855 3650 serenda

122 3671 236 3744 Taedia,
251 3671 326 3730 mille
340 3688 444 3738 morae3
465 3670 548 3728 toties
562 3671 694 3728 subsellia
708 3667 819 3729 tantiam

124 3753 297 3810 Sternuntur
308 3769 316 3820 3
335 3749 393 3826 jam
408 3749 531 3810 facundo
544 3759 667 3826 ponente
680 3749 810 3811 lacernas

124 3830 262 3902 Caedicio,
277 3839 305 3887 et
319 3827 413 3886 Fusco
424 3827 482 3902 jam
496 3828 685 3901 micturiente,
699 3829 789 3904 parati

124 3909 317 3988 Digredimur,
330 3907 462 3984 lentisque
476 3905 527 3966 sori
540 3927 700 3986 pugnamus
714 3908 808 3966 areni.
