2628 4430
518 405 524 416 ,
546 353 670 404 SATIRA
688 353 723 404 ll.

137 497 306 568 lnt‘rernuit,
322 498 404 555 rubet
417 497 537 568 auditor,
551 497 599 554 cui
613 497 715 572 frigida
728 513 809 554 mens
822 504 866 554 eet

135 577 327 647 Criminibus,
337 576 431 633 tacita
444 576 547 632 sudant
559 575 822 650 precordiaculpd.

137 651 213 711 lnde
230 655 290 726 irae,
304 665 333 710 et
346 655 486 727 lacryme.
528 653 641 710 Tecum
655 651 734 728 pride
747 651 816 728 ergb
828 651 925 710 volun·

137 731 214 788 Haec
229 733 325 790 animo
339 743 404 789 ante
417 732 517 788 tubas:
538 732 678 806 galeatum
694 729 758 788 sard
772 730 860 788 duelli
1075 726 1130 786 lo)

136 810 273 866 Poenitet.
315 810 461 885 Experiar,
477 811 543 883 quid
558 811 732 868 coucedatur
748 811 777 866 in
793 809 865 881 illos,

135 888 272 950 Quorum
287 887 431 946 Flaminia
444 887 548 964 tegitur
561 888 634 944 cirris
648 899 733 963 atquc
747 887 858 945 Latiud.

532 1201 687 1262 sauma
711 1201 751 1260 ll.

177 1359 287 1417 Uersa
301 1358 482 1416 Sauromatas
496 1360 593 1436 firgerc
607 1360 675 1417 hinc
688 1361 758 1418 libet
771 1372 800 1418 et
813 1359 969 1438 glacialem'

137 1439 304 1508 Oceanum,
317 1439 427 1512 quoties
441 1438 547 1513 aliquid
562 1439 597 1494 de
611 1440 738 1496 moribus
752 1441 869 1511 audent,

137 1517 203 1578 Qui
217 1515 320 1573 Curios
333 1516 475 1587 simulant,
490 1527 518 1573 et
531 1517 722 1574 Bacchanalia
736 1519 840 1574 vivunt.

139 1593 257 1652 Indocti
270 1592 412 1669 prinarlm3
433 1613 593 1669 quanquam
606 1596 690 1670 plena
704 1597 800 1653 omnia
813 1611 902 1671 gypso

140 1673 293 1748 Chrysippi
307 1674 442 1730 invenias.
470 1673 548 1730 Nam
561 1674 782 1748 perfectissimus
797 1677 897 1731 borum
909 1683 961 1745 est,

141 1751 174 1808 Si
189 1751 252 1825 quis
266 1752 449 1808 Aristotelem
463 1752 640 1808 similam-val
656 1749 784 1812 Pittacon
798 1753 876 1826 emit,

140 1829 180 1886 Et
191 1829 271 1904 jubet
284 1831 451 1904 archetypos
463 1831 589 1904 pluteum
604 1849 715 1888 servare
727 1831 889 1889 Cleanthas.

141 1907 242 1964 Fronti
257 1908 333 1965 nulla
348 1909 427 1964 fides.
467 1909 544 1970 Quis
557 1909 633 1965 enirn
648 1929 705 1967 non
720 1909 799 1967 vicus
813 1910 946 1970 abundat

143 1985 288 2044 Tristibus
300 1987 463 2044 obscoenisl
502 1987 633 2063 Castigas
647 1989 800 2063 turpini-

142 2062 310 2140 Loripedem
325 2076 420 2122 rectus
432 2065 568 2136 derideat,
584 2067 746 2142 AEtbiopem
761 2067 849 2124 albus.

141 2143 218 2204 Quis
231 2143 327 2200 tulerit
340 2143 486 2201 Gracchos
501 2145 536 2200 de
551 2145 689 2202 seditione
703 2147 876 2219 querentcsl

141 2223 218 2283 Quis
232 2221 335 2278 coelum
351 2223 431 2279 terris
441 2241 497 2280 non
512 2224 639 2294 misceat,
653 2235 682 2280 et
695 2241 772 2280 mare
787 2225 868 2294 coelo,

142 2300 174 2356 Si
190 2300 233 2356 fur
247 2299 395 2374 displiceat
408 2301 511 2358 Verril
533 2301 811 2363 homicidasMiloni‘l

141 2379 259 2436 Clodius
273 2389 388 2435 accuset
401 2381 545 2438 moecbosl
586 2381 709 2438 Catilina
722 2381 903 2456 Cetheguml

142 2456 176 2513 ln
192 2457 316 2514 tabulam
332 2458 420 2514 Sullae
432 2459 456 2514 si
470 2459 567 2514 dicant
580 2459 711 2532 discipuli
725 2461 799 2514 tresl

139 2536 244 2598 unalis
258 2545 318 2592 crat
331 2554 421 2610 nuper
435 2537 542 2610 tragico
555 2536 678 2610 pollutus
691 2536 800 2591 adulter

141 2614 316 2686 Concubitu,
330 2616 378 2688 qui
392 2627 461 2670 runc
475 2613 559 2689 leges
566 2613 714 2671 revoca-bat
728 2631 837 2670 amaras

140 2693 293 2764 Omnibus,
308 2703 390 2766 atque
405 2693 471 2768 ipsis
486 2693 591 2750 Veneri
607 2691 747 2768 Martique
760 2691 952 2750 timendas-

140 2771 248 2829 Nonne
263 2771 348 2846 igitur
360 2772 422 2846 jure
437 2791 471 2828 ac
485 2771 585 2828 merito
599 2772 665 2830 viria
678 2773 777 2830 ultima
790 2772 871 2830 fictos
1046 2828 1050 2834 ,

140 2851 338 2908 Contemnunt
354 2849 486 2922 Scauros,
501 2862 529 2908 et
543 2851 680 2927 castigata
693 2853 855 2910 remordent
865 2851 882 2908 'l'
912 2869 917 2877 ’
973 2875 975 2880 ’

181 2928 248 2986 Non
263 2927 327 2984 tulit
340 2948 375 2984 ex
390 2928 443 2984 illia
457 2941 565 2985 torvum
580 2929 726 2987 Lauronia
738 2929 888 3004 quendam¹

139 3008 321 3064 Clamantem
335 3007 434 3062 toties:
455 3007 510 3064 Ubi
524 3025 602 3066 nunc
616 3009 662 3065 lex
676 3007 772 3064 Julial
794 3007 918 3065 dormisl

141 3087 188 3142 Ad
204 3104 289 3160 quem
300 3085 472 3142 subridens:
494 3085 603 3142 Felicia
616 3097 752 3159 tempora,
767 3105 829 3159 quaa
843 3095 881 3141 te*

140 3163 272 3221 Moribus
285 3165 445 3238 opponunt!
470 3163 582 3220 Habeat
593 3163 650 3238 jam
666 3164 761 3219 Roma
773 3161 928 3236 pudoreml

140 3241 260 3299 Tertius
274 3262 290 3298 e
304 3242 376 3298 coelo
390 3243 496 3300 cecidit
508 3241 602 3298 Cato(
631 3241 688 3296 Sed
703 3251 799 3297 tamen
814 3239 890 3296 unde
985 3277 987 3283 ·
1091 3307 1096 3316 Ι

141 3321 216 3378 Haec
230 3321 311 3391 emis,
326 3320 435 3377 hirsuto
448 3321 555 3396 spirant
568 3320 747 3394 opobalsama
760 3318 835 3375 collo

139 3401 218 3461 Quae
233 3399 304 3456 tibil
344 3397 511 3474 Nepndeat
523 3398 669 3456 dominum
684 3403 840 3455 monstrare
854 3393 987 3452 taberna.
1018 3407 1020 3410 ·

140 3476 232 3540 Quod
247 3477 270 3534 si
284 3488 420 3534 vexantur
434 3478 512 3553 leges
526 3497 560 3534 ac
571 3477 645 3554 jura,
660 3477 740 3533 citari

141 3559 221 3614 Ante
235 3575 334 3614 omnes
348 3556 434 3612 debet
448 3557 582 3613 Scatinia.
622 3555 750 3631 ‘Respice
764 3550 897 3630 primum,
960 3619 964 3626 ⁴

141 3635 181 3692 Et
194 3646 320 3692 scrutare
334 3635 424 3692 viros:
446 3635 555 3692 faciunt
570 3635 599 3690 hi
612 3634 711 3710 plura;
733 3634 782 3690 sed
797 3632 858 3689 illos

141 3713 281 3774 Mendit
294 3731 440 3785 numerus,
452 3713 614 3789 junctaque
629 3713 750 3769 umbone
764 3711 933 3786 phalangas:
1010 3740 1013 3746 ·

142 3791 252 3867 Magna
265 3791 339 3848 inter
352 3791 451 3849 molles
465 3793 625 3850 concordia.
666 3791 732 3848 Non
747 3791 800 3848 erit
814 3789 913 3846 ullum·

141 3870 313 3946 Exemplum
327 3871 357 3928 in
368 3881 464 4006 nloptro
477 3882 534 3928 tarn
549 3870 713 3928 detestabile
725 3883 847 3928 ¹seru.-
