2646 4416
223 377 262 438 76
536 375 567 424 D.
585 373 679 423 JUNll
697 371 893 422 IUVENALIS

223 519 261 578 Et
274 519 388 578 meliore
402 518 462 578 luto
475 517 555 576 finxit
568 515 721 594 precordia
735 515 841 574 Titan:

223 599 281 658 Sed
297 599 418 674 reliquos
432 599 566 674 fugienda
578 607 688 672 patrum
702 595 820 672 vestigia
833 595 951 667 ducunt,

223 678 262 738 Et
273 689 427 738 monstrata
439 675 490 736 dil
504 677 604 736 veteris
617 677 702 733 trahit
713 675 803 732 orbita
816 674 915 750 culpae.

223 758 398 816 Abstineas
390 759 475 834 rgitur
486 755 673 814 damnandis:
696 755 779 830 hujus
792 753 867 810 enim
881 753 924 810 vel

223 835 289 896 Una
302 847 401 914 potens
414 837 548 908 inuocat,
562 853 600 894 ne
613 834 731 892 crimina
746 843 840 892 nemra
853 843 1006 907 sequantur

224 915 268 974 Ex
281 915 362 976 nobis
375 916 480 993 geniti3
500 915 632 1008 quoniam
646 913 751 972 dociles
765 912 907 970 imitandis

224 995 371 1072 Turpibua
384 1014 419 1054 ac
432 996 523 1072 pravis
535 1013 635 1052 omnes
648 1011 762 1062 sumus3
783 1001 813 1048 et
826 991 977 1049 Catilinam

222 1073 426 1150 Quocunque
419 1093 448 1134 ιιι
462 1075 566 1151 populo
577 1073 673 1131 videas
676 1088 861 1148 ‚quocunque
874 1071 928 1127 sub
940 1089 1012 1128 axe:

224 1154 282 1210 Sed
296 1173 352 1212 nec
365 1154 469 1212 Brutus
482 1155 543 1225 erit,
558 1152 637 1210 Bruti
651 1171 706 1210 nec
720 1150 875 1208 avunculus
887 1166 1015 1226 usquam.

223 1233 273 1291 Nil
287 1234 365 1292 dictu
379 1233 523 1290 foedum'
499 1251 614 1306 visuque
628 1233 689 1288 haec
702 1231 800 1287 limina
812 1240 919 1305 tangat,

223 1311 374 1388 Intraque
387 1331 457 1388 puer
471 1324 521 1370 est.
563 1311 664 1368 Procul
678 1311 746 1367 hinc
749 1309 899 1399 ,procul
882 1309 948 1366 inde
960 1308 1062 1385 puellae

223 1385 383 1464 Lenonnm,
398 1403 426 1450 et
439 1403 539 1448 cantus
552 1390 744 1466 pernoctantis
756 1387 880 1478 parasiti.

224 1469 352 1529 Maxima
366 1471 483 1528 debetur
496 1489 583 1546 puero
595 1469 759 1526 reverentia.
801 1467 833 1524 Si
846 1467 913 1541 quid

223 1549 322 1626 Turpe
336 1569 427 1626 paras,
441 1561 521 1608 netu
535 1549 614 1625 pueri
628 1547 829 1622 contempseris
843 1565 953 1606 annos:

225 1630 283 1687 Sed
296 1641 447 1706 peccaturo
460 1630 551 1687 obstet
565 1629 614 1684 tibi
628 1627 702 1684 filius
715 1627 815 1684 infans.

225 1707 337 1766 Nam
316 1729 340 1766 ιι
353 1709 420 1783 quid
434 1709 551 1784 dignum
566 1707 700 1764 Censoris
714 1705 833 1763 fecerit
826 1706 867 1762 ιιι

223 1785 414 1862 Quandoque,
429 1798 458 1844 et
471 1787 590 1844 similem
604 1786 655 1843 tibi
667 1805 699 1842 se
713 1803 769 1842 non
784 1804 900 1860 corpore
914 1783 1024 1844 tantum

225 1865 289 1924 Nec
302 1866 379 1923 vultu
393 1865 510 1938 dederit,
525 1883 633 1922 morum
646 1883 757 1939 quoque
770 1863 855 1934 filius,
868 1875 897 1920 et
910 1865 957 1938 ιιιιι

224 1944 331 2002 Omnia
344 1941 468 2004 deteriris
482 1956 530 2002 tua
542 1963 592 2018 per
601 1943 718 2019 vestigia
731 1956 840 2019 peccet,

224 2024 366 2101 Corripies
382 2023 514 2081 nimirum
525 2035 553 2082 et
566 2023 717 2098 castigabis
731 2023 834 2080 acerbo

224 2103 366 2176 Clamore,
381 2123 414 2160 ac
427 2115 489 2180 post
502 2105 564 2160 lraec
577 2103 685 2160 tabulas
699 2112 809 2159 mutare
821 2101 940 2178 parabis.

224 2181 308 2240 Unde
322 2183 372 2240 tibi
387 2183 506 2241 frontem
519 2183 732 2257 libertatemque
745 2181 879 2258 parentis,

223 2261 325 2323 Quum
341 2263 427 2320 facias
439 2263 534 2338 pejora
548 2281 645 2333 senex,
659 2278 835 2335 vacuumque
849 2261 966 2318 cerebro

225 2341 291 2400 Jam
305 2343 412 2419 pridem
427 2353 512 2417 caput
525 2343 579 2399 hoc
594 2352 708 2398 ventosa
723 2341 869 2398 cucurbita
883 2341 1011 2414 quaeratl

265 2421 385 2497 Hospite
400 2433 526 2494 venturo,
541 2419 663 2478 cessabit
676 2437 760 2478 nemo
773 2431 892 2477 tuorum.

225 2500 314 2558 Verre
327 2501 527 2577 pavimentum,
542 2500 646 2558 nitidas
659 2500 777 2556 ostende
791 2497 946 2571 columnas,

225 2579 318 2638 Arida
329 2599 394 2638 oum
409 2581 468 2638 toti
481 2581 636 2638 descendat
650 2597 752 2636 aranea
762 2579 835 2648 teld;

225 2659 285 2716 Hic
297 2660 359 2716 leve
373 2671 530 2750 argentum,
545 2677 612 2715 vasa
625 2677 723 2748 aspera
736 2667 845 2733 tergeat
858 2656 944 2726 alte'r3

225 2739 290 2796 Vox
303 2739 410 2796 domini
422 2738 510 2795 lurit'
503 2738 642 2807 instantis,
658 2737 818 2811 virgamque
834 2736 965 2793 tenentis.

225 2813 303 2892 Ergri
318 2817 402 2873 miser
416 2817 547 2892 trepidas
562 2835 599 2872 ne
613 2827 734 2873 stercore
749 2815 823 2871 foeda
836 2814 941 2872 canino

228 2896 288 2953 Δι’
255 2906 308 2953 trra
321 2895 488 2971 displiceant
500 2895 590 2952 oculis
605 2894 741 2952 venientis
753 2895 848 2966 amici,

226 2973 272 3032 Ne
285 2974 398 3052 perfusa
411 2975 469 3032 luto
483 2974 520 3032 sit
531 2973 671 3050 porticus;
692 2982 721 3030 et
733 2983 828 3030 tamen
843 2991 900 3030 uno

227 3054 360 3112 Semodio
373 3053 465 3111 scobis
479 3055 542 3110 haec
554 3054 686 3110 emendat
699 3053 826 3110 servulus
840 3069 923 3109 unus.

226 3132 301 3192 Illud
315 3153 372 3190 non
386 3133 484 3224 agitas,
500 3145 531 3190 ut
545 3143 670 3190 sanctam
685 3131 758 3190 lilius
771 3131 849 3190 omni

226 3212 409 3288 Adspiciat
388 3231 449 3270 srne
463 3213 525 3270 labe
539 3213 652 3270 domurn
658 3213 795 3286 ,vitioque
810 3212 976 3268 carentem?
1023 3221 1027 3231 ¹
1053 3227 1059 3234 ·

225 3293 344 3350 Gratum
350 3303 407 3349 est
403 3289 498 3366 ‚quaid
513 3291 610 3382 patrias
625 3293 715 3348 sitem
729 3291 886 3380 populoque
900 3291 1012 3364 dedisti,
1162 3295 1202 3353 70

227 3371 259 3430 si
273 3371 352 3442 facis,
367 3383 398 3428 ut
412 3372 507 3446 patriae
521 3372 556 3427 sit
570 3371 698 3440 idoneus,
712 3371 789 3426 utilis
803 3371 887 3444 agris,

115 3543 121 3550 ·
226 3527 384 3588 Plurimum
398 3529 474 3586 enirn
486 3529 514 3586 in
516 3529 612 3586 tererit
614 3530 735 3603 ‚quibus
750 3528 865 3618 artibus
880 3539 909 3586 et
922 3529 1023 3604 quibus
1037 3532 1114 3588 hunc
1129 3541 1160 3588 tu

226 3607 375 3666 Moribus
367 3609 505 3666 instituas.
548 3608 724 3682 Serpente'
700 3607 810 3666 ciconia
823 3608 915 3682 pullos

226 3687 333 3759 Νιιιιιι,
347 3700 375 3746 et
388 3688 502 3746 inventri
516 3706 569 3762 per
579 3687 659 3744 devia
674 3707 738 3745 rura
750 3687 872 3744 lacerta:

120 3791 126 3796 ⁴
226 3760 272 3823 uli
286 3767 385 3824 eadem
400 3766 517 3842 sumptis
530 3777 658 3841 quaerunt
673 3767 806 3823 animalia
824 3766 926 3841 pinnis.

225 3845 329 3903 Vultur
332 3845 479 3921 ‚jumento
492 3857 520 3902 et
533 3845 652 3902 canibus
665 3847 861 3920 crucibusque
866 3845 1071 3916 relictis·

226 3925 275 3982 Ad
290 3923 373 3982 soetus
386 3935 524 4000 properat,
538 3937 699 4000 partemque
713 3925 857 3982 cadaveris
871 3924 960 3982 affert
1054 3950 1059 3967 =

1310 2755 1311 2872 ι

210 3448 308 3510 'Utilis
322 3461 350 3508 et
363 3450 499 3508 bellorum
513 3459 541 3506 et
554 3451 633 3524 pacis
645 3451 729 3507 rebus
743 3449 868 3524 agendis.
1045 3419 1046 3424 ἵ
