2628 4430
484 302 628 394 'sauma
644 344 721 394 11111.
740 388 745 398 .

111 485 256 545 Culmine
271 485 390 554 delubri,
403 497 537 562 tanquam
550 488 579 546 in
594 507 671 546 mare
685 487 795 548 fluxerit
805 489 897 546 amnis

111 565 289 642 Gurgitibus
303 567 390 635 miris,
405 578 432 622 ot
446 565 526 624 lactis
539 567 643 624 vortice
656 577 773 624 torrens.

158 643 322 720 Intercepta
335 645 434 701 decem
448 645 571 720 quereris
585 646 711 704 sestertia
725 645 820 704 t'raude

112 723 290 800 Sacrilegi?
310 722 390 784 Quid
406 723 428 780 si
443 723 614 783 bissenum
628 723 749 800 perdidit
763 723 832 783 alter

113 802 185 860 Hoc
197 821 305 861 arcana
318 803 421 860 modo!
442 803 574 878 majorem
589 803 687 860 tertius
702 803 749 860 itta

17 907 18 920 ¹
111 884 280 952 Summam,
295 901 376 957 quam
393 882 494 955 patulae
509 883 553 940 vix
567 895 680 958 ceperat
694 881 813 957 angulus
827 884 920 942 arcte?

17 2729 20 2836 t

113 961 193 1019 Tam
210 961 294 1018 facile
308 971 336 1018 et
348 978 466 1036 pronum
481 975 523 1018 est
537 980 652 1037 superos
666 973 849 1020 contemnere
863 973 957 1034 testes,

114 1043 145 1097 si
163 1040 293 1098 mortalis
306 1041 381 1096 idem
395 1040 572 1098 nernosciat!
614 1040 749 1115 Adspice,
763 1042 868 1116 quantit

116 1121 199 1178 Voce
214 1119 319 1194 neget?
339 1137 401 1194 quae
414 1120 450 1175 sit
465 1119 521 1176 ficti
536 1120 693 1178 constantia
708 1119 817 1178 vultirsd

117 1197 171 1256 Per
185 1199 256 1256 solis
270 1199 370 1269 radios,
382 1197 560 1274 Tarpeiaque
576 1197 693 1259 fulmina
703 1199 788 1274 jurat,

115 1278 154 1336 Et
167 1277 271 1334 Martis
285 1277 427 1348 frameam,
442 1289 470 1334 et
484 1277 603 1336 Cirrhaei
617 1279 724 1354 spicula
739 1278 818 1356 vatis,

113 1356 172 1414 Per
187 1357 312 1414 calamos
325 1357 473 1413 venatricis
487 1358 698 1432 pharetramque
713 1357 827 1430 Puellae,

116 1436 230 1510 Perque
245 1446 335 1507 tuum,
349 1445 426 1512 pater
441 1435 533 1512 AEgrei
548 1435 694 1512 Neptune,
707 1437 875 1508 tridentem

120 1516 212 1572 Addit
224 1525 253 1572 et
266 1514 423 1572 Herculeos
437 1534 528 1585 arcus,
544 1517 705 1590 hastamque
721 1513 866 1588 Minerva,

121 1593 269 1668 Quidquid
283 1594 390 1650 habent
403 1594 523 1676 telorum
537 1594 751 1652 armamentaria
765 1595 837 1652 coeli.

124 1673 158 1728 Si
173 1670 236 1729 rerd
249 1684 272 1730 ti
291 1684 369 1747 pater
383 1685 442 1730 est:
464 1673 630 1744 Comedanr,
645 1673 743 1747 iuquit,
759 1672 850 1732 flebile
865 1673 923 1732 nati

124 1749 255 1828 Sinciput
267 1751 345 1820 aliar,
362 1749 515 1826 Pharioque
531 1753 669 1809 madentis
684 1767 770 1810 aceto,

159 1833 245 1901 Sunt,
259 1831 289 1888 in
305 1830 437 1888 Fortunae
450 1831 496 1904 qui
512 1831 624 1888 casibus
637 1832 731 1890 omnia
744 1842 859 1908 ponant,

123 1909 157 1967 Et
173 1909 252 1968 nullo
266 1910 384 1967 credant
399 1911 533 1968 rmuuhmr
549 1925 656 1970 rectore
671 1911 785 1984 moveri,

123 1988 234 2048 Natura
248 1988 373 2046 volvente
388 1991 461 2046 vices
475 2002 502 2046 et
518 1989 597 2062 lucis,
612 2003 640 2048 ot
654 1992 736 2060 atttri3

126 2069 215 2144 Atque
231 2069 296 2126 ideo
310 2069 440 2142 intrepidi
454 2087 629 2144 quaecunque
643 2069 740 2126 altaria
755 2082 884 2145 tangunt.

124 2147 172 2206 Est
186 2148 272 2216 alius,
287 2159 415 2206 metuens
429 2167 465 2203 ne
480 2147 586 2204 crimen
601 2166 685 2221 qunna
698 2161 845 2221 sequatur:

123 2227 177 2286 flio
190 2237 274 2304 putat
286 2245 348 2282 esse
362 2227 439 2297 deon,
454 2237 483 2282 et
496 2225 611 2302 pejerat,
625 2237 707 2301 atque
722 2226 760 2284 ita
773 2245 884 2284 secum:

122 2305 275 2375 Decernat‚
288 2305 474 2380 quodcunque
490 2305 571 2376 volet,
585 2305 620 2362 de
634 2323 750 2381 corpore
764 2317 859 2364 nostro

124 2385 183 2458 Isis,
196 2398 227 2442 et
240 2385 312 2442 irato
325 2384 404 2442 feriat
417 2403 480 2442 mea
493 2383 599 2442 lumina
612 2383 703 2454 sistro,

125 2463 283 2522 Dummodo
297 2463 338 2520 vel
353 2481 448 2519 cacus
461 2474 582 2533 teneam,
596 2482 665 2538 quos
678 2465 798 2538 abnego,
812 2481 950 2527 nummos.

132 2541 164 2600 Et
173 2543 301 2619 phthisis,
316 2553 345 2603 et
358 2542 473 2599 vomicae
487 2553 592 2618 putres,
606 2553 634 2598 et
647 2541 796 2600 dimidium
810 2561 875 2600 crus

133 2623 198 2680 Sunt
208 2622 301 2680 tarrtid
342 2619 452 2696 Pauper
466 2620 635 2696 locupletem
642 2631 737 2695 optare
751 2622 904 2698 podagram

132 2699 172 2758 Ne
183 2702 293 2758 dubitet
307 2699 408 2769 Ladas,
424 2699 446 2755 si
461 2719 517 2757 non
532 2711 597 2776 eget
610 2700 757 2776 Anticyra,
772 2720 827 2760 nec

127 2781 294 2856 Archigene.
335 2777 416 2840 Quid
430 2781 506 2838 enim
521 2779 622 2838 velocis
636 2779 724 2856 gloria
737 2776 841 2856 planta

122 2858 249 2931 Praestat,
264 2869 293 2916 et
305 2859 431 2914 esuriens
445 2857 541 2916 Pisaeae
556 2879 649 2916 ramus
662 2861 761 2918 olivaed

121 2937 157 2996 Ut
171 2940 209 2998 sit
223 2957 336 3014 magna,
350 2948 443 2994 tamen
458 2935 534 2996 certe
549 2939 626 2998 lenta
638 2939 680 2998 ira
694 2940 810 2998 deorum
823 2951 874 2998 est.
1044 2939 1101 2998 100

120 3019 151 3076 Si
166 3029 270 3076 curant
284 3016 367 3092 igitur
381 3028 499 3074 cunctos
513 3015 612 3090 punire
627 3028 772 3087 nocentes,

118 3097 249 3158 Quando
263 3096 298 3154 ed
313 3115 357 3152 me
372 3095 503 3151 venient?
525 3095 574 3150 sed
588 3106 617 3150 et
630 3095 769 3150 exorabile
784 3113 891 3152 numen

119 3177 254 3234 Fortasse
268 3174 411 3250 experiar:
433 3173 502 3230 solet
516 3173 559 3228 his
573 3172 726 3247 ignoscere.
769 3171 853 3230 Multi

119 3257 312 3316 Committunt
326 3255 425 3310 eadem
440 3252 548 3308 diverso
562 3251 680 3308 crimina
694 3251 767 3310 sato:

17 3363 19 3420 ᾖ
119 3335 174 3392 ltte
188 3351 306 3392 crucem
316 3333 429 3390 sceleris
443 3331 563 3406 pretium
577 3329 649 3402 tulit,
664 3330 711 3388 hic
725 3331 863 3388 diadema.
1045 3331 1102 3388 105

120 3415 173 3472 Sic
187 3415 314 3470 animum
329 3411 396 3468 dirae
410 3411 547 3486 trepidum
564 3409 711 3468 formidine
726 3411 815 3487 culpae

119 3493 309 3550 Confirmant.
350 3489 436 3546 Tunc
451 3501 477 3546 te
487 3509 566 3548 sacra
580 3489 615 3548 ad
629 3489 745 3548 delubra
759 3499 905 3548 vocantem

120 3571 273 3642 Praecedit‚
288 3571 397 3628 trahere
411 3569 496 3627 immo
510 3569 583 3626 ultro
597 3587 631 3624 ac
645 3587 744 3628 vexare
758 3580 878 3646 paratus,

119 3650 210 3722 Nam,
224 3669 312 3724 quum
325 3667 429 3723 magna
444 3648 523 3704 malae
537 3660 663 3722 superest
676 3649 795 3708 audacia
808 3667 911 3720 causae,

121 3725 521 3788 Credituramultishducia.
564 3725 826 3803 Mimumagitille,
1045 3727 1102 3786 110

122 3809 233 3866 Urbani
247 3809 358 3882 qualem
373 3805 503 3881 fugitivus
517 3825 613 3862 scurra
626 3805 748 3864 Catulli:

121 3887 174 3944 Tu
188 3889 271 3945 miser
284 3887 435 3956 exclamas
451 3896 481 3942 ut
494 3885 624 3942 Stentora
637 3886 748 3944 vincere
761 3885 860 3964 possis,
