2628 4430
496 379 621 430 SthRh
639 379 713 430 vlu.

109 521 288 584 Permixtum
302 523 407 596 nautis,
422 534 450 581 et
464 521 583 596 furibus,
598 541 632 580 ae
646 523 780 600 fugitivis,

109 601 188 662 luter
202 602 364 676 camilioes,
377 611 407 660 et
422 602 513 660 fabros
527 601 747 677 sandapilarum,

108 679 145 739 Et
156 681 315 757 resupinati
329 679 471 739 cessantia
484 689 617 754 tympana
630 679 715 736 Galli.

108 759 204 834 AEqua
218 761 259 816 ibi
272 760 397 832 libertas,
413 759 577 816 communia
589 757 702 834 poeula,
715 755 806 815 lectus

107 838 175 896 Non
190 839 264 895 alius
276 839 420 912 cuiquam,
434 853 489 893 nec
503 855 601 893 mensa
615 835 746 894 remotior
759 835 818 893 ulli.

106 915 190 978 Quid
204 917 294 973 facias
307 915 393 973 talem
407 915 529 985 sortitus,
544 913 672 986 Pontiae,
686 913 820 972 servuml

107 993 222 1070 Nempe
237 995 268 1051 iu
281 994 425 1065 Lucanos,
440 1003 489 1050 aut
503 992 604 1049 Tusca
616 991 759 1068 ergastula
773 992 877 1049 mittas.

108 1073 149 1130 At
161 1092 221 1145 vos,
236 1071 420 1148 Trojugenae,
434 1071 512 1129 vobis
524 1070 680 1148 ignoscitis,
694 1080 732 1144 et,
746 1087 809 1146 que

108 1151 220 1226 Turpia
234 1151 361 1222 cerdoni,
376 1151 493 1208 Volesos
504 1147 678 1224 Brutumque
692 1147 843 1206 docebunt.

106 1229 199 1302 Quid,
213 1229 239 1286 si
252 1247 398 1304 nunquam
413 1225 484 1286 aded
500 1227 581 1284 loedis
595 1223 722 1302 adedque
736 1224 878 1304 pudendis

107 1307 222 1365 Utimur
235 1307 381 1384 exemplis,
393 1320 425 1365 ut
438 1325 495 1364 nou
510 1307 605 1382 pejora
619 1306 779 1382 supersintl

107 1385 293 1462 Consumptis
305 1385 406 1462 opibus
419 1403 527 1456 vocem,
543 1383 724 1460 Damasippe,
737 1381 838 1441 locasti

108 1465 230 1542 Sipario,
241 1465 398 1522 clamosum
412 1483 510 1540 ageres
525 1474 557 1520 ut
566 1461 689 1520 Phasma
702 1461 816 1520 Catulli.

107 1543 280 1602 Laureolum
296 1543 376 1601 uelox
389 1543 474 1600 etiam
489 1543 562 1599 bene
572 1540 715 1618 ,Lentulus
728 1539 797 1618 egit,

109 1621 216 1680 Judice
230 1641 288 1693 me,
302 1621 406 1696 dignus
419 1621 485 1678 veria
499 1637 593 1677 cruce.
634 1617 664 1674 N
666 1637 700 1675 ec
714 1631 811 1676 tamen
824 1615 878 1694 ipsi

105 1697 592 1854 Plfflltlhtttltlli
600 1697 804 1852 llltlllll’

105 1855 279 1932 Planipedes
292 1857 371 1913 audit
384 1855 497 1926 Fabios,
512 1854 604 1913 ridere
618 1863 709 1930 potest
721 1853 769 1930 qui

106 1934 323 1993 Mamercorum
338 1935 441 2011 alapas.
482 1933 594 1996 Quanti
608 1951 660 1990 sua
673 1933 774 1990 lunera
787 1931 921 2003 vendant,

104 2013 188 2076 Quid
203 2013 311 2079 resertl
331 2011 457 2070 vendunt
471 2011 549 2069 nullo
563 2021 684 2087 cogente
698 2009 825 2084 Nerone,

104 2091 173 2150 Nec
187 2092 320 2150 dubitant
334 2091 403 2149 celsi
416 2090 542 2168 praetoris
555 2091 678 2146 vendere
693 2091 775 2147 ludis.

104 2170 201 2248 Finge
215 2180 310 2228 tamen
324 2170 435 2247 gladios
449 2169 525 2240 inde,
540 2177 624 2242 atque
638 2168 706 2224 hino
718 2168 827 2244 pulpita
839 2185 932 2244 pone:

103 2249 189 2311 Quid
204 2250 311 2306 satiusl
352 2247 474 2305 Mortem
489 2248 530 2304 sio
543 2247 690 2321 quisquam
704 2244 859 2316 exhorruit,
873 2257 905 2304 ut
917 2245 954 2304 sit

104 2329 263 2404 Zelotypus
277 2325 443 2402 Thymeles,
458 2325 562 2402 stupidi
577 2323 685 2400 collega
699 2322 850 2382 Corinthii
939 2387 944 2398 Ι

103 2406 169 2464 Res
182 2407 258 2464 haud
272 2407 344 2464 mira
356 2416 461 2478 tamen,
475 2403 631 2461 citharoedo
644 2401 788 2478 Principe,
800 2403 905 2460 mimus

104 2483 229 2544 Nobilis.
271 2484 345 2542 llaec
358 2485 441 2554 ultra,
454 2483 521 2558 quid
536 2481 591 2538 erit
604 2481 658 2537 uisi
672 2481 776 2536 ludusl
817 2479 855 2538 Et
868 2479 939 2538 illud

104 2564 242 2621 Dedecus
254 2562 340 2620 Urbis
354 2563 442 2619 habes
454 2579 460 2615 :
483 2578 537 2616 nec
548 2557 725 2615 mirmillonis
736 2559 765 2614 in
779 2559 874 2630 armis,
1030 2556 1096 2615 2⁰⁰.

105 2641 173 2700 Neo
187 2642 287 2718 clypeo
299 2640 465 2698 Gracchum
478 2646 663 2713 pugnantem,
678 2647 727 2693 aut
742 2635 814 2693 falce
828 2635 951 2711 supiul;

106 2719 248 2798 (Damuat
260 2721 339 2778 enim
352 2718 423 2777 tales
437 2717 565 2786 habitus3
587 2716 637 2772 sed
652 2715 777 2788 damnat,
788 2725 818 2773 et
830 2713 903 2794 odit)

104 2797 172 2858 Neo
185 2799 267 2876 galea
279 2799 399 2876 frontem
413 2796 578 2854 abscondit:
597 2805 693 2855 ¹movet
706 2813 775 2852 ecce
789 2794 950 2867 tridentem,

104 2878 258 2953 Postquam
272 2877 373 2935 librata
386 2875 540 2952 pendentia
553 2873 623 2948 retia
637 2874 735 2932 dextra

104 2955 308 3033 Nequidquam
322 2953 430 3027 effudit,
445 2955 554 3011 nudum
569 2953 604 3011 ad
618 2951 781 3028 spectacula
794 2951 903 3010 vultum
1027 2950 1088 3008 205

104 3034 208 3112 Erigit,
223 3047 253 3094 et
265 3034 325 3093 total
339 3033 410 3110 sugit
424 3033 622 3108 agnoscendus
636 3031 732 3088 arend.

104 3113 264 3172 Credamus
277 3113 392 3183 tunicae,
406 3112 442 3168 de
457 3109 585 3166 faucibus
596 3127 681 3165 aurea
694 3125 781 3180 quum
794 3125 825 3163 se

103 3193 244 3270 Porrigat,
258 3202 287 3250 et
300 3191 385 3267 longo
395 3189 516 3268 jactetur
530 3187 604 3262 spira
617 3185 720 3259 galero.

104 3269 183 3348 Ergd
198 3270 384 3347 ignominiam
398 3266 555 3345 graviorem
568 3261 683 3339 pertulit
695 3259 774 3318 omui

104 3350 244 3421 Vulnere,
258 3367 325 3405 cum
338 3346 471 3404 Graccho
481 3343 577 3420 jussus
590 3359 717 3418 pugnare
731 3349 851 3397 secutor.
1027 3335 1088 3396 21⁰
1103 3377 1110 3400 ,

143 3427 248 3486 Libera
262 3427 286 3484 si
300 3427 403 3484 dentur
415 3423 519 3500 populo
532 3419 675 3494 suffragia,
691 3419 754 3494 quis
767 3429 826 3476 tam

103 3507 247 3578 Perditus,
256 3499 287 3562 rit
300 3504 410 3562 dubitet
425 3503 565 3559 Senecam
579 3497 711 3576 praeferre
724 3495 754 3554 N
755 3495 851 3568 eroni;

103 3585 197 3660 Cujus
210 3582 349 3660 supplicio
362 3601 420 3639 non
434 3579 533 3638 debuit
545 3597 604 3636 una
616 3577 708 3652 parari

105 3665 206 3736 Simia,
220 3681 276 3720 nec
289 3679 406 3737 serpens
419 3678 504 3731 unus,
518 3677 573 3716 uec
586 3657 685 3714 crrleus
699 3655 793 3712 unusl

104 3743 160 3802 Par
174 3739 428 3817 Agamemnonidae
443 3738 567 3806 crimem
588 3735 638 3793 sed
652 3753 739 3792 causa
752 3733 820 3791 lacit
832 3749 893 3790 rem
1027 3730 1087 3793 215

104 3819 288 3879 Dissimilem.
328 3817 445 3892 Quippe
461 3815 517 3888 ille,
531 3815 592 3872 deis
606 3813 777 3883 auctoribus,
791 3809 864 3869 ultor

104 3899 197 3958 Patris
209 3914 266 3958 erat
283 3897 350 3956 caesi
363 3895 457 3953 media
467 3895 541 3953 inter
554 3891 672 3970 pocula3
694 3890 744 3948 sed
757 3907 813 3948 uec
