2646 4416
521 363 645 414 SATIRA
662 364 709 413 1v.
775 357 789 368 '

120 503 241 564 Excutit
253 525 271 562 e
284 505 431 564 manibus:
452 505 552 562 dentes
564 503 702 580 crepuere
715 503 830 564 retecti:

120 583 218 641 Uncta
231 584 341 640 cadunt
353 583 423 640 laxis
436 593 507 640 tunc
519 582 707 658 pulmentaria
719 581 814 640 labris.

121 661 203 718 Hinc
216 661 296 732 tuba,
309 661 435 718 candelae
448 679 454 716 :
475 661 645 735 tandemque
658 661 787 720 beatulm
801 659 858 720 alto

121 739 306 815 compositus
318 737 402 810 lecto,
416 737 572 812 crassisque
586 737 691 795 lutatus
704 739 831 810 amomis,
938 747 943 755 '

123 816 158 874 ln
172 828 284 892 portam
296 816 402 891 rigidos
414 815 510 873 calces
522 817 665 874 extendit:
686 827 715 874 ιι
729 817 806 874 illum
1049 818 1106 876 105

122 893 262 952 Hesterni
275 893 368 969 capite
382 894 482 952 induto
495 892 608 954 subiere
620 893 758 956 Quirites.

163 972 289 1047 ‘Tange
303 971 389 1028 miser
402 989 498 1042 renas,
512 983 541 1029 et
553 991 628 1046 pone
642 972 672 1030 in
684 983 799 1062 pectore
812 971 956 1031 dextram:

122 1048 174 1107 Nil
188 1049 264 1107 calet
277 1047 341 1106 hic:
362 1067 541 1123 summosque
551 1050 639 1124 pedes
652 1050 759 1125 attinge
773 1067 947 1125 manusque:

123 1126 193 1185 Non
208 1128 328 1216 frigent'
369 1127 440 1184 Visa
452 1138 494 1184 est
508 1146 532 1184 si
524 1125 613 1184 'lmte
627 1127 759 1203 pecuma
772 1127 831 1186 sive

122 1205 295 1262 Candida
271 1205 356 1262 vtclnt
349 1205 483 1262 'subrisit
497 1201 580 1262 molle
592 1205 695 1280 puella,
1049 1204 1106 1264 11⁰

123 1283 185 1340 Cor
195 1283 246 1340 tibi
260 1280 313 1340 rite
328 1283 409 1340 salitl
449 1282 575 1340 Positum
588 1295 631 1341 est
645 1283 758 1358 algente
770 1283 886 1342 camino

124 1359 239 1418 Durum
252 1361 325 1432 olus,
339 1372 368 1418 et
380 1361 475 1436 populi
489 1361 581 1418 cribro
594 1362 715 1418 decussa
729 1361 837 1420 farina:

124 1437 288 1496 Tentemus
302 1439 415 1496 lauces:
435 1451 534 1496 tenero
547 1438 615 1496 latet
629 1439 710 1496 ulcus
723 1440 753 1496 in
768 1458 816 1497 ore

124 1515 224 1588 Putre,
237 1517 312 1591 quod
327 1516 518 1591 haudfldeceat
530 1517 643 1592 plebeid
656 1518 755 1592 radere
769 1517 843 1575 beta.

125 1593 226 1670 iuges,
240 1613 327 1669 quum
341 1594 465 1651 excussit
477 1595 610 1652 membris
623 1607 726 1652 tremor
741 1594 820 1652 albus
834 1595 953 1652 aristas:
1049 1595 1106 1652 lto

125 1671 216 1728 Nunc
229 1673 291 1729 lace
304 1672 448 1748 suppositi
459 1672 589 1729 fervescit
601 1673 726 1748 sanguis,
740 1683 770 1730 ct
781 1671 823 1730 irs

126 1749 291 1807 Scintillam
302 1749 395 1818 oculi3
414 1750 541 1839 dicisque
555 1751 690 1826 facisque,
703 1750 800 1825 quod
793 1768 863 1826 lpse,

125 1826 194 1886 Nou
207 1828 270 1886 sani
284 1847 346 1886 esse
359 1827 491 1900 hominis,
506 1847 563 1887 non
577 1847 664 1886 mnus
674 1829 750 1905 juret
762 1828 888 1888 Orestes.
946 1859 950 1866 ,

468 2017 492 2024 ....
497 2017 751 2028 —---·—-——-

499 2135 655 2194 SATIRA
676 2135 732 2196 IV.

165 2294 241 2352 Rau
253 2295 348 2370 populi
361 2295 484 2357 tractasl
506 2293 666 2371 (barbatum
677 2294 740 2352 haec
754 2296 839 2353 crede
853 2296 1018 2372 magistrum

124 2372 240 2445 Dicere,
255 2373 370 2430 sorbitio
382 2373 453 2431 tollit
466 2391 551 2447 quem
564 2373 626 2430 dira
636 2372 738 2430 ciente
748 2374 770 2451 z)

123 2451 195 2514 Quo
209 2452 316 2508 fretusl
336 2451 383 2508 dic
397 2451 461 2522 hoc,
477 2451 571 2526 magni
585 2449 691 2526 pupille
704 2451 815 2509 Pericli.

125 2529 244 2587 Scilicet
258 2529 404 2604 ingenium
413 2541 442 2586 et
451 2547 546 2586 rerum
555 2528 796 2604 prudentiavelox

125 2607 205 2664 Ante
218 2607 290 2682 pilos
303 2607 395 2664 venit:
417 2607 540 2663 dicende
552 2606 727 2680 tacendaque
741 2606 835 2664 calles

124 2683 204 2762 Ergd
212 2685 266 2742 ubi
280 2685 422 2742 commota
437 2685 526 2742 fervet
539 2683 687 2759 plebecula
702 2684 789 2757 bilo,

124 2761 194 2820 Fert
207 2763 318 2820 animus
331 2762 430 2819 celidae
445 2763 545 2819 fecisse
559 2762 670 2820 silentia
682 2763 772 2821 turbe
1049 2835 1051 2840 Ι

124 2838 274 2916 Majestate
287 2839 395 2898 manos.
435 2840 516 2902 Quid
530 2841 633 2898 deinde
644 2840 779 2916 loquerel
818 2842 959 2916 Quirites,

123 2917 201 2990 Hoc,
214 2929 291 2994 puta,
305 2937 362 2976 non
373 2918 480 2994 justum
494 2929 555 2976 cst:
577 2918 647 2976 illud
660 2918 754 2978 male.
774 2921 880 2978 rectius
893 2921 972 2980 illud.
1023 2952 1026 2962 =

124 2997 189 3054 Scis
203 2997 308 3054 etenim
320 2996 426 3072 justum
440 2998 556 3072 geminis
569 2999 741 3072 suspendere
754 2998 836 3056 lance
1070 3000 1105 3057 10

124 3075 269 3150 Ancipitis
282 3073 377 3132 librae:
397 3085 507 3132 rectum
520 3075 669 3143 discernis,
680 3075 751 3130 ubi'
744 3085 817 3132 mter

123 3152 220 3210 Curva
233 3152 318 3223 subit,
332 3152 375 3210 vel
389 3172 475 3228 quum
491 3151 560 3213 sellit
573 3152 645 3226 pede
658 3150 757 3225 regula
770 3168 853 3208 vero:

124 3229 163 3286 Ει
176 3231 249 3306 potis
262 3249 293 3287 es
306 3230 419 3306 nigrum
432 3225 500 3288 vitio
512 3227 658 3304 prefigere
672 3227 777 3285 Theta.

122 3307 206 3370 Quin
219 3318 251 3365 tu
265 3308 360 3384 igitur,
375 3308 486 3366 summa
500 3307 687 3395 nequicquam
700 3305 773 3382 pelle
783 3306 915 3378 decorus,

124 3386 202 3443 Ante
216 3385 292 3442 diem
306 3385 410 3444 blando
423 3383 565 3444 caudam
555 3394 661 3460 jactare
675 3384 784 3460 popello
1070 3384 1104 3442 15

123 3461 239 3520 Desinis
241 3464 416 3537 ,Anticyras
428 3463 527 3522 melior
541 3463 653 3521 sorbere
667 3481 802 3520 meracas.

121 3541 199 3610 Qun
213 3541 265 3598 tibi
280 3559 391 3600 summa
403 3541 470 3600 boni
482 3543 542 3600 estl
563 3540 684 3598 uncta
660 3541 761 3600 vixisse
774 3538 877 3616 ριιιῙΙΐι
988 3557 993 3570 ’

124 3620 253 3696 Semper,
267 3629 296 3676 et
310 3619 424 3676 assiduo
436 3629 534 3677 curata
546 3619 671 3676 cuticula
684 3619 752 3677 sole.

123 3696 282 3773 Exspecta:
304 3697 379 3754 haud
394 3696 470 3754 aliud
484 3697 652 3772 respondeat
665 3699 727 3754 heo
742 3695 972 3765 auus.1nunc

123 3774 315 3833 Dtnomccltcs
325 3791 377 3848 ego
390 3792 459 3844 sum,
473 3775 569 3832 suffla:
589 3794 648 3832 sum
662 3773 818 3832 confidas:
839 3773 927 3832 Esto:
1063 3773 1106 3834 llll

123 3853 201 3912 Dum
216 3871 254 3910 ne
268 3849 394 3910 deterius
404 3851 494 3926 sapiat
506 3871 656 3930 pannucea
669 3852 783 3922 Baucis,
