2628 4430
224 371 263 432 54
532 373 564 422 D.
580 373 676 422 JUNII
694 373 888 424 JUVENALIS

225 513 383 574 Fictilibus.
424 515 511 574 Tunc
526 515 573 574 illa
586 517 664 588 time,
678 533 765 592 quum
779 517 880 594 pocula
891 535 986 575 sumes

224 593 383 668 Gemmata,
396 608 426 653 et
438 596 495 654 lato
509 597 638 653 Setinum
653 597 763 654 ardebit.
778 597 807 653 in
822 615 898 652 auro.

225 671 327 730 Jamne
342 673 426 751 igitur
441 675 551 746 laudas,
565 675 639 748 quod
654 676 689 732 de
703 675 878 751 sapientibus
892 675 961 734 alter

225 751 359 824 Ridebat,
374 754 483 828 quoties
497 755 533 810 de
548 755 646 814 limine
660 765 784 812 moverat
798 773 887 812 unum

225 829 436 908 Protuleratque
449 833 569 908 pcdem;
591 832 675 890 flebat
688 833 846 891 contrarius
861 833 978 891 auctori

225 909 283 968 Sed
297 910 388 968 facilis
402 912 491 970 sititis
504 913 588 988 rigidi
603 931 723 970 censura
737 911 886 970 cachinni:

224 987 387 1048 Mirandum
401 1001 452 1064 est,
467 991 543 1050 unde
557 991 603 1049 ille
617 993 707 1050 oculis
720 991 863 1050 suffecerit
876 991 984 1050 humor.

224 1067 363 1144 Perpetuo
376 1070 434 1130 risu
446 1070 609 1146 pulmonem
623 1071 729 1146 agitare
743 1071 850 1129 solebat

224 1145 414 1221 Democritus,
429 1167 588 1224 quanquam
602 1169 659 1207 non
674 1162 769 1208 essent
782 1150 898 1208 urbibus
912 1149 967 1209 illis

224 1225 372 1299 Praetexta‚
387 1239 416 1286 et
429 1229 541 1301 trabeae,
557 1229 657 1302 fasces,
671 1229 783 1301 lectica,
797 1229 928 1288 tribunal.

223 1303 315 1378 Quid,
329 1307 353 1364 si
367 1307 482 1365 vidisset
494 1307 647 1366 Praetorem
661 1310 790 1366 curribus
805 1309 868 1368 altis

225 1383 401 1456 Exstantem
415 1397 444 1444 et
457 1387 550 1446 medio
563 1389 713 1445 sublimem
728 1388 758 1445 in
771 1389 885 1464 pulvere
899 1387 977 1446 Circi

225 1461 260 1521 In
274 1465 372 1524 tunicd
385 1463 473 1535 lovis,
489 1476 517 1523 et
529 1467 612 1544 pictae
627 1468 750 1524 Sarrana
763 1467 900 1524 terentem
931 1475 934 1480 ’

224 1541 269 1600 Ex
283 1543 408 1602 humeris
421 1544 513 1602 autea
525 1557 607 1622 tege,
622 1563 787 1622 magnaque
801 1565 912 1604 corone

225 1621 351 1682 Tantum
362 1624 469 1693 orbem,
482 1623 588 1700 quantd
604 1627 699 1686 cervix
709 1643 765 1682 non
780 1625 883 1684 sufficit
896 1623 975 1682 ullal
1039 1677 1047 1713 ο

223 1700 340 1778 Quippe
354 1715 432 1762 tenet
445 1703 552 1761 sudans
565 1705 640 1762 banc
653 1703 792 1781 publicus,
807 1715 846 1776 et,
860 1703 913 1762 sibi
927 1701 1035 1762 Consul

224 1779 271 1838 Ne
285 1781 404 1857 placeat,
418 1801 503 1839 curru
518 1803 614 1840 servus
627 1795 753 1859 portatur
767 1785 875 1841 eodem.

224 1857 270 1917 Da
283 1879 361 1918 nunc
374 1873 403 1918 et
415 1861 568 1934 volucrem,
583 1875 693 1938 sceptro
706 1881 768 1938 quae
783 1862 872 1938 surgit
886 1862 1003 1936 eburno,

224 1936 308 1997 lllinc
321 1939 491 2011 cornicines,
507 1941 574 1997 hinc
585 1941 774 2016 praecedentia
787 1941 864 2018 longi
923 2003 927 2010 ⁴

224 2017 357 2094 Agminis
370 2017 473 2090 officia,
488 2030 517 2076 ct
532 2020 627 2076 niveos
642 2021 677 2076 ad
693 2016 779 2078 fraena
791 2020 931 2092 Quirites,

224 2095 344 2154 Defessa
358 2097 388 2154 in
401 2098 502 2155 loculis
515 2117 584 2174 quos
598 2099 721 2175 sportula
735 2101 802 2158 lecit
815 2100 931 2158 amicos.

224 2175 310 2234 Tunc
323 2195 433 2253 quoque
448 2177 593 2236 materiam
607 2177 680 2237 risits
695 2180 801 2238 invenit
816 2180 852 2236 ad
865 2197 964 2238 omnes

223 2253 370 2314 Occursus
383 2257 539 2328 hominum,
554 2257 634 2334 cujus
647 2259 798 2334 prudentia
811 2270 956 2331 monstrat,

224 2335 358 2394 Summos
372 2355 452 2412 posse
466 2338 548 2408 viros,
560 2351 587 2394 et
601 2357 705 2414 magna
718 2339 846 2414 exempla
859 2337 983 2410 daturos,

224 2413 382 2473 Vervecum
397 2415 426 2472 in
440 2416 530 2492 patriti
544 2435 693 2491 crassoque
707 2419 759 2474 sub
773 2421 839 2475 aere
854 2417 941 2475 nasci.

224 2493 350 2553 Ridebat
364 2513 456 2567 curas,
470 2513 524 2552 nec
538 2515 595 2554 non
609 2507 638 2553 et
650 2497 754 2571 gaudia
768 2497 854 2574 vulgi,

223 2573 371 2632 Interdum
379 2563 414 2632 'et
426 2575 575 2650 lacrymas,
592 2595 679 2650 quum
694 2575 827 2634 Fortunae
842 2578 901 2654 ipse
917 2576 1023 2634 minaci

224 2652 376 2711 ldandaret
389 2654 519 2728 laqueum
534 2656 715 2730 mediumque
729 2658 891 2714 ostenderet
902 2673 1036 2732 unguem.

224 2729 301 2808 Ergd
315 2751 498 2808 supervacua,
509 2743 558 2790 aut
570 2734 729 2809 perniciosa
739 2747 883 2810 petuntur,

223 2809 339 2886 Propter
349 2829 412 2886 quae
426 2811 467 2867 las
480 2823 523 2869 est
532 2830 627 2886 genua
641 2813 766 2870 incerare
781 2813 904 2871 deorum.

185 2896 206 2946 1
261 2887 411 2950 Quosdam
425 2891 582 2966 precipitat
595 2891 860 2966 subjectapotentia
873 2909 984 2968 magne

224 2967 361 3036 Invidiae3
382 2969 484 3045 mergit
496 2969 581 3046 longa
593 2981 675 3044 atque
690 2969 809 3046 insignis
824 2971 962 3029 honorum
1027 2971 1033 2986 ⁸

224 3047 348 3123 Pagina;
369 3047 547 3106 descendunt
560 3059 669 3120 stature,
685 3061 843 3126 restemque
857 3061 1020 3126 sequuntur.

224 3125 304 3204 Ipsos
315 3127 418 3186 deinde
431 3139 505 3185 rotas
520 3127 648 3204 bigarum
663 3129 784 3204 impacta
798 3130 905 3188 securis

200 3214 205 3223 '
224 3205 326 3279 Cedit,
340 3218 369 3265 et
382 3207 528 3265 immeritis
543 3207 710 3284 franguntur
724 3227 806 3266 crura
819 3209 943 3268 caballis.

225 3283 289 3343 darn
304 3287 426 3344 stridunt
440 3285 529 3362 ignes,
541 3287 599 3363 jam
614 3287 724 3346 follibus
738 3299 821 3363 atque
835 3289 954 3346 caminis

225 3365 315 3422 Ardet
329 3365 475 3424 adoratum
488 3367 592 3442 populo
605 3379 699 3443 caput,
713 3377 742 3424 et
753 3379 848 3444 crepat
861 3367 963 3443 ingens

225 3443 359 3518 Sejanus:
380 3443 483 3502 deinde
497 3465 531 3502 ex
546 3445 618 3503 facie
631 3457 689 3504 toto
699 3447 766 3504 orbe
780 3447 906 3504 secunde

225 3521 312 3581 Fiunt
326 3521 442 3596 urceoli,
456 3523 560 3600 pelves,
575 3537 694 3601 sartago,
708 3525 826 3600 patellae.

225 3602 303 3661 Pone
316 3601 392 3661 domi
405 3603 507 3674 lauros,
522 3603 578 3660 duc
592 3604 621 3660 in
637 3603 776 3680 Capitolia
789 3623 924 3680 magnum

225 3681 427 3756 cretatumque
441 3683 556 3740 bovem:
578 3683 698 3758 Sejanus
711 3683 824 3741 ducitur
838 3703 913 3742 unco

226 3761 420 3838 spectandus:
441 3762 567 3837 gaudent
579 3779 686 3820 omnes.
726 3763 802 3824 Quae
817 3763 912 3821 labrel
932 3763 994 3839 quis
1007 3763 1048 3822 illi

225 3836 329 3899 Vultus
341 3841 420 3898 erstl
441 3858 596 3916 nunquam,
611 3840 715 3916 siquid
730 3843 799 3899 milri
814 3843 916 3914 credis,
931 3843 1022 3900 amavi

226 3919 314 3978 Hunc
327 3919 478 3978 bominem.
520 3920 578 3978 Sed
588 3939 644 3996 quo
656 3919 761 3978 cecidit
774 3921 826 3979 sub
840 3921 980 3979 criminel
1000 3922 1128 3998 quinam
