2628 4430
193 367 215 425 2
509 367 541 416 D.
557 367 654 416 JUNll
671 365 867 415 Juvsnnnrs

192 504 263 572 Quo
276 509 411 566 tondente
424 509 516 584 gravis
527 509 625 584 juveni
639 509 708 566 mihi
723 508 809 566 barba
819 505 956 576 sonabat;

192 585 295 646 Quum
309 603 374 662 pars
388 586 509 644 Niliacae
523 588 622 663 plebis,
636 607 723 662 quum
738 606 824 644 verna
838 581 950 662 Canopi

192 661 352 740 Crispinus,
367 663 471 740 Tyrias
485 667 602 723 humero
615 677 765 722 revocante
779 665 918 734 lacernas,

192 743 320 802 Ventilet
334 743 461 802 nativum
476 743 572 820 digitis
584 744 753 802 sudantibus
767 761 877 813 aurum,

192 821 258 878 Neo
272 822 389 878 sufferre
403 833 488 896 queat
504 822 616 897 majoris
629 823 757 896 pondera
769 838 905 898 gemmae:
925 859 927 864 ,

194 899 316 956 Difficile
331 912 375 956 est
389 901 510 957 satiram
526 920 583 957 non
597 901 730 958 scribere.
771 897 801 955 N
803 919 847 955 am
862 898 925 974 quis
939 897 1043 972 iniquae

190 977 268 1036 Tam
282 979 393 1054 patiens
407 979 494 1049 urbis,
509 990 566 1036 tam
582 979 698 1050 ferreus,
712 989 743 1036 ut
757 989 852 1034 teneat
865 996 906 1048 se,

191 1054 340 1114 Causidici
355 1076 427 1113 nova
441 1077 527 1132 quum
543 1057 636 1114 veniat
650 1056 752 1113 lectica
766 1055 912 1112 Mathonis

192 1135 281 1192 Plena
296 1135 379 1211 ipsot
401 1147 463 1211 post
479 1137 555 1202 hunc
571 1135 667 1210 magni
682 1135 790 1192 delator
804 1133 899 1205 amici,

191 1212 230 1272 Et
243 1212 302 1270 cito
316 1225 446 1290 rapturus
460 1215 496 1269 de
508 1213 658 1274 nobilitate
672 1213 796 1284 comest,

190 1290 280 1354 Quod
294 1303 431 1368 superest,
445 1312 528 1366 quem
544 1291 640 1348 Massa
653 1293 743 1361 timet,
757 1311 842 1366 quem
856 1309 975 1347 munere
988 1288 1082 1366 palpat

192 1368 295 1441 Carus,
309 1383 338 1427 et
353 1390 370 1426 a
383 1371 492 1445 trepido
507 1369 647 1444 Thymele
661 1370 801 1426 submissa
815 1369 978 1426 Latinol-

230 1447 313 1510 Quid
328 1449 458 1520 referam,
473 1449 578 1522 quantd
592 1449 701 1506 siccum
714 1449 795 1525 jecur
809 1449 906 1504 ardeat
921 1448 973 1518 ira,

190 1525 291 1588 Quum
305 1527 439 1602 populum
453 1528 587 1602 gregibus
600 1527 734 1584 comitum
751 1527 851 1602 premit
866 1526 912 1583 hic
926 1524 1058 1602 spoliator

191 1604 295 1682 Pupilli
308 1605 479 1682 prostantis?
499 1618 527 1662 et
542 1605 589 1661 hic
603 1606 753 1662 damnatus
767 1605 845 1662 inani

191 1682 307 1742 Judioio
323 1683 403 1759 (quid
417 1684 494 1741 enirn
507 1684 592 1740 salvis
606 1684 722 1740 infamia
736 1684 860 1740 nummis
870 1683 896 1762 l)

192 1761 281 1819 Exsul
295 1763 331 1819 ab
344 1763 443 1820 octavii
459 1761 567 1818 Marius
582 1763 661 1832 bibit,
676 1774 704 1818 et
718 1762 818 1818 fruitur
833 1762 877 1819 dis

185 1837 275 1897 tratis
284 1860 291 1909 ;
313 1852 342 1898 at
356 1851 396 1912 tu,
411 1841 510 1898 victrix
523 1841 677 1916 provincia,
693 1840 805 1916 plorasl

231 1918 304 1975 Haec
318 1939 372 1994 ego
387 1939 443 1976 non
458 1921 573 1976 credam
589 1919 737 1976 Venusini
752 1917 838 1994 digna
852 1918 990 1976 lucerndl

191 1995 265 2054 Haec
278 2017 332 2072 ego
346 2017 403 2054 non
418 1998 542 2072 agiteml
565 1995 621 2054 Sed
636 1998 702 2072 quid
719 1995 810 2072 magis
824 1998 989 2068 Heracleas,

191 2075 253 2133 Aut
266 2074 448 2146 Diomedeas,
462 2088 511 2132 aut
525 2077 663 2151 mugitum
678 2075 855 2151 Labyrinthi,

190 2151 229 2211 Et
243 2173 319 2210 mare
334 2174 499 2230 percussum
514 2175 610 2230 puero,
626 2155 791 2229 labrumque
806 2155 966 2213 volanteml

188 2230 291 2294 Quum
302 2233 370 2290 lenu
381 2234 502 2308 accipiat
517 2235 620 2290 ruoechi
635 2235 718 2303 bona,
733 2234 757 2290 si
772 2234 904 2308 capiendi

190 2310 244 2369 Jus
258 2311 367 2367 nullum
382 2313 471 2381 uxori,
485 2313 587 2368 doctus
601 2323 728 2386 spectare
742 2312 869 2382 lacunar,

190 2389 300 2448 Doctus
313 2402 341 2446 et
355 2391 390 2446 ad
405 2391 523 2447 calicem
538 2390 664 2465 vigilanti
679 2402 795 2448 stertere
809 2409 893 2458 naso3

188 2464 290 2530 Quum
302 2468 343 2524 fas
357 2487 419 2525 esse
429 2480 513 2544 putet
527 2488 623 2526 curam
638 2488 750 2544 sperare
764 2470 887 2526 cohortis

186 2545 250 2608 Qui
265 2546 339 2604 bona
350 2547 464 2604 donauit
476 2548 659 2622 praesepibus,
674 2559 703 2604 et
716 2559 794 2605 caret
807 2547 886 2604 omni
923 2563 941 2583 ’-

162 2637 164 2640 “
190 2623 333 2701 Majorum
348 2645 446 2696 censu,
461 2627 528 2682 dum
543 2627 667 2700 pervolat
681 2645 733 2683 axe
748 2627 834 2684 citato

189 2703 359 2762 Flaminiam
372 2725 378 2772 ;
401 2704 485 2779 (puer
495 2706 676 2761 Automedon
689 2725 754 2762 nam
770 2706 829 2762 lora
842 2704 966 2774 tenebat,

189 2781 255 2858 lpse
268 2782 419 2838 lacernatae
433 2802 518 2856 quum
533 2802 564 2839 se
576 2783 695 2858 jactaret
709 2784 822 2860 amicte)

188 2859 295 2918 Nonne
309 2861 377 2916 libet
391 2861 485 2918 medio
498 2879 578 2916 ceras
593 2861 708 2936 implere
723 2881 843 2936 capaces
932 2895 933 2900 κ

186 2935 367 3000 Quadrivior
387 2957 473 3013 quum
485 2939 543 3014 jam
558 2941 638 2997 sextil
653 2941 764 2998 cervice
779 2941 894 2997 feratur

189 3015 269 3073 Hinc
283 3028 367 3091 atque
383 3018 450 3074 inde
464 3030 573 3093 patens,
588 3038 622 3074 ac
638 3019 716 3074 nuda
729 3018 812 3094 prend
828 3017 974 3090 cathednl,

188 3094 227 3152 Et
240 3093 361 3153 multbm
376 3097 502 3152 reserens
515 3097 551 3153 de
566 3096 726 3154 Maecenate
740 3099 842 3173 supino

188 3173 331 3250 signator,
347 3175 418 3232 salso
437 3175 486 3250 qui
500 3195 530 3234 se
544 3176 663 3246 lautum,
678 3189 761 3252 atque
776 3178 890 3233 beatum

189 3251 309 3328 Exiguis
322 3253 434 3324 tabulis,
449 3265 477 3310 et
490 3255 605 3328 gemmei
619 3255 724 3311 fecerat
739 3257 816 3312 udall

187 3325 324 3390 Occurrit
337 3343 465 3388 matrona
477 3345 588 3406 potens,
601 3353 674 3407 quae,
690 3334 774 3391 molle
789 3334 930 3390 Calenum

189 3405 368 3480 Porrectura,
383 3410 441 3466 viro
455 3411 555 3467 miscet
568 3411 681 3469 sitiente
695 3413 834 3482 rubetam,

206 3487 371 3562 nstituitque
386 3489 470 3546 rudes
484 3490 581 3547 melior
597 3491 719 3548 Locusta
733 3493 903 3566 propinquas

259 3565 362 3622 famam
377 3578 406 3624 et
418 3568 552 3642 populum
567 3570 663 3644 nigros
675 3571 775 3627 efferre
790 3571 913 3628 maritos.

229 3644 315 3701 Aude
330 3645 435 3722 aliquid
451 3647 583 3704 brevibus
597 3649 699 3722 Gyaris
713 3661 742 3721 et
755 3668 871 3706 carcere
887 3649 1017 3724 dignum,

188 3721 222 3779 Si
236 3723 277 3778 vis
291 3743 353 3780 esse
368 3721 485 3799 aliquis:
506 3728 629 3801 probitas
643 3728 772 3786 laudatur
787 3740 816 3784 et
830 3728 913 3804 alget.

95 3812 97 3816 ’
188 3797 366 3858 Criminibus
380 3804 484 3860 debent
499 3805 602 3875 hortos,
617 3807 755 3881 praetoria,
771 3825 893 3878 mensas,

190 3878 350 3955 Argentum
365 3894 454 3954 vetus,
468 3895 497 3942 et
510 3895 630 3942 stantem
646 3895 724 3942 extra
737 3887 840 3960 pocula
854 3903 978 3962 caprum.
