<?xml version="1.0" encoding="UTF-8"?>
<!DOCTYPE html PUBLIC "-//W3C//DTD XHTML 1.0 Transitional//EN"
    "http://www.w3.org/TR/xhtml1/DTD/xhtml1-transitional.dtd">
<html xmlns="http://www.w3.org/1999/xhtml" xml:lang="en" lang="en">
 <head>
  <title>
</title>
<meta http-equiv="Content-Type" content="text/html;charset=utf-8" />
  <meta name='ocr-system' content='tesseract 3.04.00' />
  <meta name='ocr-capabilities' content='ocr_page ocr_carea ocr_par ocr_line ocrx_word'/>
</head>
<body>
  <div class='ocr_page' id='page_1' title='image "./decimijuniijuve02persgoog_0040.png"; bbox 0 0 2628 4430; ppageno 0'>
   <div class='ocr_carea' id='block_1_1' title="bbox 274 327 299 386">
    <p class='ocr_par' dir='ltr' id='par_1_1' title="bbox 274 327 299 386">
     <span class='ocr_line' id='line_1_1' title="bbox 274 327 299 386; baseline 0 0"><span class='ocrx_word' id='word_1_1' title='bbox 274 327 299 386; x_wconf 44' lang='grc' dir='ltr'>ἱ1</span> 
     </span>
    </p>
   </div>
   <div class='ocr_carea' id='block_1_2' title="bbox 397 353 690 409">
    <p class='ocr_par' dir='ltr' id='par_1_2' title="bbox 397 353 690 409">
     <span class='ocr_line' id='line_1_2' title="bbox 397 353 690 409; baseline 0.003 -8"><span class='ocrx_word' id='word_1_2' title='bbox 397 398 401 409; x_wconf 94' lang='grc'>,</span> <span class='ocrx_word' id='word_1_3' title='bbox 447 376 452 387; x_wconf 69' lang='lat'><strong>⁴</strong></span> <span class='ocrx_word' id='word_1_4' title='bbox 504 353 627 404; x_wconf 78' lang='lat' dir='ltr'>SATIRA</span> <span class='ocrx_word' id='word_1_5' title='bbox 644 355 690 404; x_wconf 87' lang='lat' dir='ltr'>Vl.</span> 
     </span>
    </p>
   </div>
   <div class='ocr_carea' id='block_1_3' title="bbox 16 494 1085 3742">
    <p class='ocr_par' dir='ltr' id='par_1_3' title="bbox 16 494 941 732">
     <span class='ocr_line' id='line_1_3' title="bbox 91 494 941 582; baseline 0.008 -32"><span class='ocrx_word' id='word_1_6' title='bbox 91 494 204 556; x_wconf 79' lang='lat' dir='ltr'>Quem</span> <span class='ocrx_word' id='word_1_7' title='bbox 214 495 435 574; x_wconf 70' lang='lat' dir='ltr'>etrat&#39;assiduis</span> <span class='ocrx_word' id='word_1_8' title='bbox 446 496 576 570; x_wconf 63' lang='lat' dir='ltr'>ridibus,</span> <span class='ocrx_word' id='word_1_9' title='bbox 588 509 723 574; x_wconf 88' lang='lat' dir='ltr'>scutoque</span> <span class='ocrx_word' id='word_1_10' title='bbox 738 498 859 572; x_wconf 86' lang='lat' dir='ltr'>lacessit,</span> <span class='ocrx_word' id='word_1_11' title='bbox 935 571 941 582; x_wconf 31' lang='grc' dir='ltr'><strong><em>ι</em></strong></span> 
     </span>
     <span class='ocr_line' id='line_1_4' title="bbox 16 575 889 654; baseline 0.005 -22"><span class='ocrx_word' id='word_1_12' title='bbox 16 593 17 642; x_wconf 67' lang='lat'>3</span> <span class='ocrx_word' id='word_1_13' title='bbox 94 575 201 650; x_wconf 81' lang='lat' dir='ltr'>Atque</span> <span class='ocrx_word' id='word_1_14' title='bbox 216 593 317 635; x_wconf 83' lang='lat' dir='ltr'>omnes</span> <span class='ocrx_word' id='word_1_15' title='bbox 330 575 427 651; x_wconf 82' lang='lat' dir='ltr'><strong>implet</strong></span> <span class='ocrx_word' id='word_1_16' title='bbox 441 596 584 648; x_wconf 88' lang='lat' dir='ltr'>numeros,</span> <span class='ocrx_word' id='word_1_17' title='bbox 598 579 763 652; x_wconf 86' lang='lat' dir='ltr'>dignissima</span> <span class='ocrx_word' id='word_1_18' title='bbox 776 598 889 654; x_wconf 86' lang='lat' dir='ltr'>prorsus</span> 
     </span>
     <span class='ocr_line' id='line_1_5' title="bbox 95 653 758 732; baseline 0.008 -23"><span class='ocrx_word' id='word_1_19' title='bbox 95 653 214 711; x_wconf 81' lang='lat' dir='ltr'>Florali</span> <span class='ocrx_word' id='word_1_20' title='bbox 228 665 356 712; x_wconf 87' lang='lat' dir='ltr'>matrona</span> <span class='ocrx_word' id='word_1_21' title='bbox 370 655 455 725; x_wconf 76' lang='lat' dir='ltr'>tubri5</span> <span class='ocrx_word' id='word_1_22' title='bbox 476 656 530 714; x_wconf 87' lang='lat' dir='ltr'>nisi</span> <span class='ocrx_word' id='word_1_23' title='bbox 546 655 650 732; x_wconf 90' lang='lat' dir='ltr'>siquid</span> <span class='ocrx_word' id='word_1_24' title='bbox 665 657 694 716; x_wconf 89' lang='lat' dir='ltr'>in</span> <span class='ocrx_word' id='word_1_25' title='bbox 709 657 758 714; x_wconf 91' lang='lat' dir='ltr'>illo</span> 
     </span>
    </p>

    <p class='ocr_par' dir='ltr' id='par_1_4' title="bbox 95 731 796 811">
     <span class='ocr_line' id='line_1_6' title="bbox 95 731 796 811; baseline 0.007 -22"><span class='ocrx_word' id='word_1_26' title='bbox 95 731 227 790; x_wconf 83' lang='lat' dir='ltr'>Pectore</span> <span class='ocrx_word' id='word_1_27' title='bbox 238 733 301 810; x_wconf 90' lang='lat' dir='ltr'>plus</span> <span class='ocrx_word' id='word_1_28' title='bbox 315 734 412 810; x_wconf 87' lang='lat' dir='ltr'>agitat,</span> <span class='ocrx_word' id='word_1_29' title='bbox 427 753 553 810; x_wconf 76' lang='lat' dir='ltr'>vereque</span> <span class='ocrx_word' id='word_1_30' title='bbox 568 748 680 811; x_wconf 87' lang='lat' dir='ltr'>paratur</span> <span class='ocrx_word' id='word_1_31' title='bbox 694 755 796 794; x_wconf 84' lang='lat' dir='ltr'>arenae.</span> 
     </span>
    </p>

    <p class='ocr_par' dir='ltr' id='par_1_5' title="bbox 96 812 849 891">
     <span class='ocr_line' id='line_1_7' title="bbox 96 812 849 891; baseline 0.004 -19"><span class='ocrx_word' id='word_1_32' title='bbox 96 812 207 872; x_wconf 80' lang='lat' dir='ltr'>Quem</span> <span class='ocrx_word' id='word_1_33' title='bbox 220 824 352 888; x_wconf 71' lang='lat' dir='ltr'>praestare</span> <span class='ocrx_word' id='word_1_34' title='bbox 362 823 454 889; x_wconf 87' lang='lat' dir='ltr'>potest</span> <span class='ocrx_word' id='word_1_35' title='bbox 467 813 567 872; x_wconf 86' lang='lat' dir='ltr'>mulier</span> <span class='ocrx_word' id='word_1_36' title='bbox 582 814 691 890; x_wconf 86' lang='lat' dir='ltr'>galeata</span> <span class='ocrx_word' id='word_1_37' title='bbox 704 817 849 891; x_wconf 89' lang='lat' dir='ltr'>pudorem,</span> 
     </span>
    </p>

    <p class='ocr_par' dir='ltr' id='par_1_6' title="bbox 96 887 891 1128">
     <span class='ocr_line' id='line_1_8' title="bbox 96 887 891 972; baseline 0.004 -21"><span class='ocrx_word' id='word_1_38' title='bbox 96 889 182 951; x_wconf 79' lang='lat' dir='ltr'>Quae</span> <span class='ocrx_word' id='word_1_39' title='bbox 200 887 271 967; x_wconf 83' lang='lat' dir='ltr'>fugit</span> <span class='ocrx_word' id='word_1_40' title='bbox 284 911 301 950; x_wconf 85' lang='lat' dir='ltr'>a</span> <span class='ocrx_word' id='word_1_41' title='bbox 314 893 405 950; x_wconf 86' lang='lat' dir='ltr'>sexul</span> <span class='ocrx_word' id='word_1_42' title='bbox 426 892 497 950; x_wconf 89' lang='lat' dir='ltr'>vires</span> <span class='ocrx_word' id='word_1_43' title='bbox 511 905 593 950; x_wconf 90' lang='lat' dir='ltr'>amat.</span> <span class='ocrx_word' id='word_1_44' title='bbox 634 893 707 950; x_wconf 71' lang='lat' dir='ltr'>Haec</span> <span class='ocrx_word' id='word_1_45' title='bbox 721 907 816 954; x_wconf 86' lang='lat' dir='ltr'>tamen</span> <span class='ocrx_word' id='word_1_46' title='bbox 830 895 891 972; x_wconf 86' lang='lat' dir='ltr'>ipsa</span> 
     </span>
     <span class='ocr_line' id='line_1_9' title="bbox 98 970 855 1050; baseline 0.008 -22"><span class='ocrx_word' id='word_1_47' title='bbox 98 970 155 1028; x_wconf 84' lang='lat' dir='ltr'>Vir</span> <span class='ocrx_word' id='word_1_48' title='bbox 172 971 261 1028; x_wconf 90' lang='lat' dir='ltr'>nollet</span> <span class='ocrx_word' id='word_1_49' title='bbox 274 971 348 1028; x_wconf 88' lang='lat' dir='ltr'>lieri:</span> <span class='ocrx_word' id='word_1_50' title='bbox 370 990 436 1028; x_wconf 87' lang='lat' dir='ltr'>nam</span> <span class='ocrx_word' id='word_1_51' title='bbox 450 971 587 1048; x_wconf 86' lang='lat' dir='ltr'>quantula</span> <span class='ocrx_word' id='word_1_52' title='bbox 598 985 695 1030; x_wconf 88' lang='lat' dir='ltr'>nostra</span> <span class='ocrx_word' id='word_1_53' title='bbox 709 974 855 1050; x_wconf 83' lang='lat' dir='ltr'>voluptasl</span> 
     </span>
     <span class='ocr_line' id='line_1_10' title="bbox 99 1049 794 1128; baseline -0.001 -17"><span class='ocrx_word' id='word_1_54' title='bbox 99 1049 204 1111; x_wconf 82' lang='lat' dir='ltr'><strong>Quale</strong></span> <span class='ocrx_word' id='word_1_55' title='bbox 218 1049 307 1106; x_wconf 88' lang='lat' dir='ltr'>decus</span> <span class='ocrx_word' id='word_1_56' title='bbox 320 1069 423 1122; x_wconf 88' lang='lat' dir='ltr'>rerum,</span> <span class='ocrx_word' id='word_1_57' title='bbox 438 1051 461 1108; x_wconf 91' lang='lat' dir='ltr'>si</span> <span class='ocrx_word' id='word_1_58' title='bbox 475 1051 604 1128; x_wconf 87' lang='lat' dir='ltr'>conjugis</span> <span class='ocrx_word' id='word_1_59' title='bbox 619 1053 713 1110; x_wconf 89' lang='lat' dir='ltr'>auctio</span> <span class='ocrx_word' id='word_1_60' title='bbox 727 1053 794 1112; x_wconf 81' lang='lat' dir='ltr'>fiatt</span> 
     </span>
    </p>

    <p class='ocr_par' dir='ltr' id='par_1_7' title="bbox 100 1127 958 1284">
     <span class='ocr_line' id='line_1_11' title="bbox 100 1127 958 1208; baseline 0.006 -22"><span class='ocrx_word' id='word_1_61' title='bbox 100 1127 233 1202; x_wconf 75' lang='lat' dir='ltr'>Balteus,</span> <span class='ocrx_word' id='word_1_62' title='bbox 249 1139 278 1186; x_wconf 91' lang='lat' dir='ltr'>et</span> <span class='ocrx_word' id='word_1_63' title='bbox 291 1130 420 1203; x_wconf 72' lang='lat' dir='ltr'>manicae,</span> <span class='ocrx_word' id='word_1_64' title='bbox 434 1141 464 1188; x_wconf 93' lang='lat' dir='ltr'>et</span> <span class='ocrx_word' id='word_1_65' title='bbox 477 1129 578 1202; x_wconf 86' lang='lat' dir='ltr'>cristae,</span> <span class='ocrx_word' id='word_1_66' title='bbox 593 1131 737 1208; x_wconf 87' lang='lat' dir='ltr'>crurisque</span> <span class='ocrx_word' id='word_1_67' title='bbox 752 1131 858 1204; x_wconf 76' lang='lat' dir='ltr'>sinistri</span> <span class='ocrx_word' id='word_1_68' title='bbox 943 1184 958 1203; x_wconf 71' lang='grc'>,,</span> 
     </span>
     <span class='ocr_line' id='line_1_12' title="bbox 101 1205 798 1284; baseline 0.007 -20"><span class='ocrx_word' id='word_1_69' title='bbox 101 1205 267 1266; x_wconf 89' lang='lat' dir='ltr'>Dimidium</span> <span class='ocrx_word' id='word_1_70' title='bbox 281 1208 405 1284; x_wconf 85' lang='lat' dir='ltr'>tegimen</span> <span class='ocrx_word' id='word_1_71' title='bbox 417 1229 424 1278; x_wconf 93' lang='lat'>;</span> <span class='ocrx_word' id='word_1_72' title='bbox 446 1209 498 1282; x_wconf 89' lang='lat' dir='ltr'>vel,</span> <span class='ocrx_word' id='word_1_73' title='bbox 513 1209 538 1266; x_wconf 93' lang='lat' dir='ltr'>si</span> <span class='ocrx_word' id='word_1_74' title='bbox 552 1210 663 1268; x_wconf 85' lang='lat' dir='ltr'>diversa</span> <span class='ocrx_word' id='word_1_75' title='bbox 676 1212 798 1270; x_wconf 87' lang='lat' dir='ltr'>movebit</span> 
     </span>
    </p>

    <p class='ocr_par' dir='ltr' id='par_1_8' title="bbox 102 1287 741 1368">
     <span class='ocr_line' id='line_1_13' title="bbox 102 1287 741 1368; baseline 0.006 -24"><span class='ocrx_word' id='word_1_76' title='bbox 102 1287 223 1360; x_wconf 88' lang='lat' dir='ltr'>Proelia,</span> <span class='ocrx_word' id='word_1_77' title='bbox 237 1299 268 1346; x_wconf 89' lang='lat' dir='ltr'>tu</span> <span class='ocrx_word' id='word_1_78' title='bbox 283 1287 360 1360; x_wconf 85' lang='lat' dir='ltr'>felix,</span> <span class='ocrx_word' id='word_1_79' title='bbox 374 1307 472 1349; x_wconf 86' lang='lat' dir='ltr'>ocreas</span> <span class='ocrx_word' id='word_1_80' title='bbox 486 1289 625 1348; x_wconf 87' lang='lat' dir='ltr'>vendente</span> <span class='ocrx_word' id='word_1_81' title='bbox 638 1290 741 1368; x_wconf 70' lang='lat' dir='ltr'>puelli.</span> 
     </span>
    </p>

    <p class='ocr_par' dir='ltr' id='par_1_9' title="bbox 105 1366 858 1523">
     <span class='ocr_line' id='line_1_14' title="bbox 105 1366 858 1446; baseline 0.013 -24"><span class='ocrx_word' id='word_1_82' title='bbox 105 1366 163 1422; x_wconf 70' lang='lat' dir='ltr'>Hae</span> <span class='ocrx_word' id='word_1_83' title='bbox 178 1375 256 1439; x_wconf 88' lang='lat' dir='ltr'>sunt,</span> <span class='ocrx_word' id='word_1_84' title='bbox 269 1386 332 1442; x_wconf 85' lang='lat' dir='ltr'>quae</span> <span class='ocrx_word' id='word_1_85' title='bbox 347 1367 426 1426; x_wconf 88' lang='lat' dir='ltr'>tenui</span> <span class='ocrx_word' id='word_1_86' title='bbox 439 1368 542 1426; x_wconf 86' lang='lat' dir='ltr'>sudant</span> <span class='ocrx_word' id='word_1_87' title='bbox 556 1369 584 1426; x_wconf 91' lang='lat' dir='ltr'>in</span> <span class='ocrx_word' id='word_1_88' title='bbox 599 1367 725 1444; x_wconf 84' lang='lat' dir='ltr'>cyclade,</span> <span class='ocrx_word' id='word_1_89' title='bbox 739 1389 858 1446; x_wconf 84' lang='lat' dir='ltr'>quarum</span> 
     </span>
     <span class='ocr_line' id='line_1_15' title="bbox 105 1445 739 1523; baseline 0.003 -19"><span class='ocrx_word' id='word_1_90' title='bbox 105 1445 237 1504; x_wconf 81' lang='lat' dir='ltr'>Delicias</span> <span class='ocrx_word' id='word_1_91' title='bbox 250 1457 279 1504; x_wconf 90' lang='lat' dir='ltr'>et</span> <span class='ocrx_word' id='word_1_92' title='bbox 292 1447 461 1521; x_wconf 79' lang='lat' dir='ltr'>panniculus</span> <span class='ocrx_word' id='word_1_93' title='bbox 476 1448 661 1523; x_wconf 78' lang='lat' dir='ltr'>bombycinus</span> <span class='ocrx_word' id='word_1_94' title='bbox 675 1449 739 1508; x_wconf 91' lang='lat' dir='ltr'>urit.</span> 
     </span>
    </p>

    <p class='ocr_par' dir='ltr' id='par_1_10' title="bbox 88 1526 850 1603">
     <span class='ocr_line' id='line_1_16' title="bbox 88 1526 850 1603; baseline 0.01 -25"><span class='ocrx_word' id='word_1_95' title='bbox 88 1526 246 1601; x_wconf 66' lang='lat' dir='ltr'>suspice,</span> <span class='ocrx_word' id='word_1_96' title='bbox 259 1545 315 1602; x_wconf 92' lang='lat' dir='ltr'>quo</span> <span class='ocrx_word' id='word_1_97' title='bbox 328 1526 439 1584; x_wconf 85' lang='lat' dir='ltr'>fremitu</span> <span class='ocrx_word' id='word_1_98' title='bbox 453 1539 619 1586; x_wconf 89' lang='lat' dir='ltr'>monstratos</span> <span class='ocrx_word' id='word_1_99' title='bbox 632 1527 753 1603; x_wconf 83' lang='lat' dir='ltr'>perferat</span> <span class='ocrx_word' id='word_1_100' title='bbox 767 1527 850 1601; x_wconf 89' lang='lat' dir='ltr'>ictus,</span> 
     </span>
    </p>

    <p class='ocr_par' dir='ltr' id='par_1_11' title="bbox 105 1604 775 1682">
     <span class='ocr_line' id='line_1_17' title="bbox 105 1604 775 1682; baseline 0.004 -21"><span class='ocrx_word' id='word_1_101' title='bbox 105 1605 145 1662; x_wconf 90' lang='lat' dir='ltr'>Et</span> <span class='ocrx_word' id='word_1_102' title='bbox 156 1617 262 1680; x_wconf 87' lang='lat' dir='ltr'>quanto</span> <span class='ocrx_word' id='word_1_103' title='bbox 274 1604 363 1682; x_wconf 73' lang='lat' dir='ltr'>galeae</span> <span class='ocrx_word' id='word_1_104' title='bbox 377 1617 508 1662; x_wconf 90' lang='lat' dir='ltr'>curvetur</span> <span class='ocrx_word' id='word_1_105' title='bbox 522 1608 655 1681; x_wconf 91' lang='lat' dir='ltr'>pondere,</span> <span class='ocrx_word' id='word_1_106' title='bbox 670 1620 775 1682; x_wconf 80' lang='lat' dir='ltr'>quanta</span> 
     </span>
    </p>

    <p class='ocr_par' dir='ltr' id='par_1_12' title="bbox 107 1683 778 1760">
     <span class='ocr_line' id='line_1_18' title="bbox 107 1683 778 1760; baseline 0.003 -20"><span class='ocrx_word' id='word_1_107' title='bbox 107 1683 264 1760; x_wconf 91' lang='lat' dir='ltr'>Poplitibus</span> <span class='ocrx_word' id='word_1_108' title='bbox 277 1685 383 1754; x_wconf 86' lang='lat' dir='ltr'>sedeat,</span> <span class='ocrx_word' id='word_1_109' title='bbox 397 1683 481 1759; x_wconf 76' lang='lat' dir='ltr'>qubm</span> <span class='ocrx_word' id='word_1_110' title='bbox 496 1685 583 1744; x_wconf 90' lang='lat' dir='ltr'>denso</span> <span class='ocrx_word' id='word_1_111' title='bbox 598 1685 684 1744; x_wconf 86' lang='lat' dir='ltr'>fascia</span> <span class='ocrx_word' id='word_1_112' title='bbox 698 1686 778 1757; x_wconf 93' lang='lat' dir='ltr'>libro,</span> 
     </span>
    </p>

    <p class='ocr_par' dir='ltr' id='par_1_13' title="bbox 107 1762 843 1840">
     <span class='ocr_line' id='line_1_19' title="bbox 107 1762 843 1840; baseline 0 -20"><span class='ocrx_word' id='word_1_113' title='bbox 107 1762 145 1820; x_wconf 90' lang='lat' dir='ltr'>Et</span> <span class='ocrx_word' id='word_1_114' title='bbox 159 1764 229 1836; x_wconf 89' lang='lat' dir='ltr'>ride,</span> <span class='ocrx_word' id='word_1_115' title='bbox 244 1762 391 1840; x_wconf 86' lang='lat' dir='ltr'>scaphium</span> <span class='ocrx_word' id='word_1_116' title='bbox 404 1763 502 1840; x_wconf 87' lang='lat' dir='ltr'>positis</span> <span class='ocrx_word' id='word_1_117' title='bbox 516 1783 602 1840; x_wconf 92' lang='lat' dir='ltr'>quum</span> <span class='ocrx_word' id='word_1_118' title='bbox 616 1763 735 1822; x_wconf 82' lang='lat' dir='ltr'>sumitur</span> <span class='ocrx_word' id='word_1_119' title='bbox 750 1766 843 1824; x_wconf 89' lang='lat' dir='ltr'>armis.</span> 
     </span>
    </p>

    <p class='ocr_par' dir='ltr' id='par_1_14' title="bbox 106 1842 768 1920">
     <span class='ocr_line' id='line_1_20' title="bbox 106 1842 768 1920; baseline 0.006 -22"><span class='ocrx_word' id='word_1_120' title='bbox 106 1842 202 1900; x_wconf 88' lang='lat' dir='ltr'>Dicite</span> <span class='ocrx_word' id='word_1_121' title='bbox 216 1861 276 1914; x_wconf 85' lang='lat' dir='ltr'>vos,</span> <span class='ocrx_word' id='word_1_122' title='bbox 290 1855 389 1920; x_wconf 81' lang='lat' dir='ltr'>neptes</span> <span class='ocrx_word' id='word_1_123' title='bbox 403 1843 514 1918; x_wconf 87' lang='lat' dir='ltr'>Lepidi,</span> <span class='ocrx_word' id='word_1_124' title='bbox 529 1844 633 1901; x_wconf 81' lang='lat' dir='ltr'>caecive</span> <span class='ocrx_word' id='word_1_125' title='bbox 648 1843 768 1917; x_wconf 85' lang='lat' dir='ltr'>Metelli,</span> 
     </span>
    </p>

    <p class='ocr_par' dir='ltr' id='par_1_15' title="bbox 106 1921 874 2000">
     <span class='ocr_line' id='line_1_21' title="bbox 106 1921 874 2000; baseline 0.005 -22"><span class='ocrx_word' id='word_1_126' title='bbox 106 1921 235 1998; x_wconf 82' lang='lat' dir='ltr'>Gurgitis</span> <span class='ocrx_word' id='word_1_127' title='bbox 250 1934 298 1980; x_wconf 86' lang='lat' dir='ltr'>ant</span> <span class='ocrx_word' id='word_1_128' title='bbox 312 1921 405 1993; x_wconf 84' lang='lat' dir='ltr'>Fabii,</span> <span class='ocrx_word' id='word_1_129' title='bbox 419 1941 480 1998; x_wconf 90' lang='lat' dir='ltr'>quae</span> <span class='ocrx_word' id='word_1_130' title='bbox 495 1923 572 1980; x_wconf 89' lang='lat' dir='ltr'>ludia</span> <span class='ocrx_word' id='word_1_131' title='bbox 586 1923 736 2000; x_wconf 88' lang='lat' dir='ltr'>sumpserit</span> <span class='ocrx_word' id='word_1_132' title='bbox 750 1943 874 2000; x_wconf 91' lang='lat' dir='ltr'>unquam</span> 
     </span>
    </p>

    <p class='ocr_par' dir='ltr' id='par_1_16' title="bbox 106 2001 927 2082">
     <span class='ocr_line' id='line_1_22' title="bbox 106 2001 927 2082; baseline 0.006 -24"><span class='ocrx_word' id='word_1_133' title='bbox 106 2001 167 2058; x_wconf 88' lang='lat' dir='ltr'>Hos</span> <span class='ocrx_word' id='word_1_134' title='bbox 182 2001 318 2059; x_wconf 83' lang='lat' dir='ltr'>habitusl</span> <span class='ocrx_word' id='word_1_135' title='bbox 339 2002 451 2076; x_wconf 82' lang='lat' dir='ltr'>quando</span> <span class='ocrx_word' id='word_1_136' title='bbox 466 2003 500 2060; x_wconf 92' lang='lat' dir='ltr'>ad</span> <span class='ocrx_word' id='word_1_137' title='bbox 515 2003 610 2080; x_wconf 87' lang='lat' dir='ltr'>palum</span> <span class='ocrx_word' id='word_1_138' title='bbox 625 2017 720 2080; x_wconf 88' lang='lat' dir='ltr'>gemat</span> <span class='ocrx_word' id='word_1_139' title='bbox 735 2023 803 2064; x_wconf 83' lang='lat' dir='ltr'>uxor</span> <span class='ocrx_word' id='word_1_140' title='bbox 825 2003 927 2082; x_wconf 80' lang='lat' dir='ltr'>Asytit</span> 
     </span>
    </p>

    <p class='ocr_par' dir='ltr' id='par_1_17' title="bbox 144 2079 836 2158">
     <span class='ocr_line' id='line_1_23' title="bbox 144 2079 836 2158; baseline 0.003 -20"><span class='ocrx_word' id='word_1_141' title='bbox 144 2082 264 2156; x_wconf 87' lang='lat' dir='ltr'>Semper</span> <span class='ocrx_word' id='word_1_142' title='bbox 278 2081 364 2138; x_wconf 87' lang='lat' dir='ltr'>habet</span> <span class='ocrx_word' id='word_1_143' title='bbox 377 2079 441 2139; x_wconf 85' lang='lat' dir='ltr'>lites</span> <span class='ocrx_word' id='word_1_144' title='bbox 454 2081 616 2157; x_wconf 85' lang='lat' dir='ltr'>alternaque</span> <span class='ocrx_word' id='word_1_145' title='bbox 628 2083 723 2158; x_wconf 87' lang='lat' dir='ltr'>jurgia</span> <span class='ocrx_word' id='word_1_146' title='bbox 735 2084 836 2156; x_wconf 88' lang='lat' dir='ltr'>lectus,</span> 
     </span>
    </p>

    <p class='ocr_par' dir='ltr' id='par_1_18' title="bbox 107 2159 849 2236">
     <span class='ocr_line' id='line_1_24' title="bbox 107 2159 849 2236; baseline 0.003 -20"><span class='ocrx_word' id='word_1_147' title='bbox 107 2159 138 2217; x_wconf 94' lang='lat' dir='ltr'>ln</span> <span class='ocrx_word' id='word_1_148' title='bbox 153 2179 212 2236; x_wconf 92' lang='lat' dir='ltr'>quo</span> <span class='ocrx_word' id='word_1_149' title='bbox 222 2172 310 2236; x_wconf 89' lang='lat' dir='ltr'>nupta</span> <span class='ocrx_word' id='word_1_150' title='bbox 321 2159 414 2236; x_wconf 88' lang='lat' dir='ltr'>jacet:</span> <span class='ocrx_word' id='word_1_151' title='bbox 436 2159 584 2218; x_wconf 84' lang='lat' dir='ltr'>minimirm</span> <span class='ocrx_word' id='word_1_152' title='bbox 599 2162 734 2219; x_wconf 88' lang='lat' dir='ltr'>dormitur</span> <span class='ocrx_word' id='word_1_153' title='bbox 750 2163 779 2219; x_wconf 92' lang='lat' dir='ltr'>in</span> <span class='ocrx_word' id='word_1_154' title='bbox 795 2162 849 2221; x_wconf 91' lang='lat' dir='ltr'>illo.</span> 
     </span>
    </p>

    <p class='ocr_par' dir='ltr' id='par_1_19' title="bbox 107 2239 827 2318">
     <span class='ocr_line' id='line_1_25' title="bbox 107 2239 827 2318; baseline 0.004 -22"><span class='ocrx_word' id='word_1_155' title='bbox 107 2239 192 2296; x_wconf 86' lang='lat' dir='ltr'>Tune</span> <span class='ocrx_word' id='word_1_156' title='bbox 207 2239 301 2316; x_wconf 87' lang='lat' dir='ltr'>gravis</span> <span class='ocrx_word' id='word_1_157' title='bbox 316 2239 364 2298; x_wconf 85' lang='lat' dir='ltr'>illa</span> <span class='ocrx_word' id='word_1_158' title='bbox 377 2239 444 2310; x_wconf 88' lang='lat' dir='ltr'>viro,</span> <span class='ocrx_word' id='word_1_159' title='bbox 460 2251 528 2297; x_wconf 87' lang='lat' dir='ltr'>tunc</span> <span class='ocrx_word' id='word_1_160' title='bbox 542 2241 610 2296; x_wconf 72' lang='lat' dir='ltr'>orba</span> <span class='ocrx_word' id='word_1_161' title='bbox 624 2241 725 2316; x_wconf 86' lang='lat' dir='ltr'>tigride</span> <span class='ocrx_word' id='word_1_162' title='bbox 741 2242 827 2318; x_wconf 91' lang='lat' dir='ltr'>pejor.</span> 
     </span>
    </p>

    <p class='ocr_par' dir='ltr' id='par_1_20' title="bbox 106 2317 810 2394">
     <span class='ocr_line' id='line_1_26' title="bbox 106 2317 810 2394; baseline -0.003 -14"><span class='ocrx_word' id='word_1_163' title='bbox 106 2318 206 2380; x_wconf 83' lang='lat' dir='ltr'>Quum</span> <span class='ocrx_word' id='word_1_164' title='bbox 221 2318 334 2376; x_wconf 87' lang='lat' dir='ltr'>simulat</span> <span class='ocrx_word' id='word_1_165' title='bbox 348 2317 469 2394; x_wconf 86' lang='lat' dir='ltr'>gemitus</span> <span class='ocrx_word' id='word_1_166' title='bbox 483 2317 589 2378; x_wconf 87' lang='lat' dir='ltr'>occulti</span> <span class='ocrx_word' id='word_1_167' title='bbox 603 2321 718 2378; x_wconf 83' lang='lat' dir='ltr'>conscia</span> <span class='ocrx_word' id='word_1_168' title='bbox 731 2319 810 2393; x_wconf 88' lang='lat' dir='ltr'>facti,</span> 
     </span>
    </p>

    <p class='ocr_par' dir='ltr' id='par_1_21' title="bbox 108 2398 1085 2554">
     <span class='ocr_line' id='line_1_27' title="bbox 109 2398 1085 2476; baseline 0.008 -22"><span class='ocrx_word' id='word_1_169' title='bbox 109 2400 165 2456; x_wconf 86' lang='lat' dir='ltr'>Aut</span> <span class='ocrx_word' id='word_1_170' title='bbox 177 2398 240 2456; x_wconf 90' lang='lat' dir='ltr'>odit</span> <span class='ocrx_word' id='word_1_171' title='bbox 252 2417 364 2474; x_wconf 91' lang='lat' dir='ltr'>pueros,</span> <span class='ocrx_word' id='word_1_172' title='bbox 380 2411 427 2456; x_wconf 85' lang='lat' dir='ltr'>aut</span> <span class='ocrx_word' id='word_1_173' title='bbox 441 2398 506 2456; x_wconf 66' lang='lat' dir='ltr'>fictir</span> <span class='ocrx_word' id='word_1_174' title='bbox 520 2399 621 2475; x_wconf 87' lang='lat' dir='ltr'>pellice</span> <span class='ocrx_word' id='word_1_175' title='bbox 635 2399 733 2476; x_wconf 89' lang='lat' dir='ltr'>plorat,</span> <span class='ocrx_word' id='word_1_176' title='bbox 1025 2403 1085 2462; x_wconf 73' lang='lat'>225</span> 
     </span>
     <span class='ocr_line' id='line_1_28' title="bbox 108 2477 820 2554; baseline 0.003 -20"><span class='ocrx_word' id='word_1_177' title='bbox 108 2477 248 2536; x_wconf 85' lang='lat' dir='ltr'>Uberibus</span> <span class='ocrx_word' id='word_1_178' title='bbox 261 2495 370 2553; x_wconf 89' lang='lat' dir='ltr'>semper</span> <span class='ocrx_word' id='word_1_179' title='bbox 384 2477 525 2550; x_wconf 81' lang='lat' dir='ltr'>lacrymis,</span> <span class='ocrx_word' id='word_1_180' title='bbox 539 2497 703 2552; x_wconf 89' lang='lat' dir='ltr'>semperque</span> <span class='ocrx_word' id='word_1_181' title='bbox 717 2479 820 2554; x_wconf 85' lang='lat' dir='ltr'>paratis</span> 
     </span>
    </p>

    <p class='ocr_par' dir='ltr' id='par_1_22' title="bbox 113 2555 797 2630">
     <span class='ocr_line' id='line_1_29' title="bbox 113 2555 797 2630; baseline 0 -18"><span class='ocrx_word' id='word_1_182' title='bbox 113 2555 144 2613; x_wconf 93' lang='lat' dir='ltr'>ln</span> <span class='ocrx_word' id='word_1_183' title='bbox 155 2557 278 2616; x_wconf 85' lang='lat' dir='ltr'>statione</span> <span class='ocrx_word' id='word_1_184' title='bbox 292 2557 355 2628; x_wconf 72' lang='lat' dir='ltr'>sud,</span> <span class='ocrx_word' id='word_1_185' title='bbox 369 2568 452 2630; x_wconf 88' lang='lat' dir='ltr'>atque</span> <span class='ocrx_word' id='word_1_186' title='bbox 467 2557 696 2630; x_wconf 84' lang='lat' dir='ltr'>exspectantibus</span> <span class='ocrx_word' id='word_1_187' title='bbox 709 2557 797 2630; x_wconf 90' lang='lat' dir='ltr'>illam,</span> 
     </span>
    </p>

    <p class='ocr_par' dir='ltr' id='par_1_23' title="bbox 115 2633 836 2713">
     <span class='ocr_line' id='line_1_30' title="bbox 115 2633 836 2713; baseline -0.007 -16"><span class='ocrx_word' id='word_1_188' title='bbox 115 2635 173 2697; x_wconf 84' lang='lat' dir='ltr'>Quo</span> <span class='ocrx_word' id='word_1_189' title='bbox 185 2637 287 2713; x_wconf 88' lang='lat' dir='ltr'>jubeat</span> <span class='ocrx_word' id='word_1_190' title='bbox 300 2654 414 2694; x_wconf 89' lang='lat' dir='ltr'>manare</span> <span class='ocrx_word' id='word_1_191' title='bbox 429 2633 528 2692; x_wconf 91' lang='lat' dir='ltr'>modo:</span> <span class='ocrx_word' id='word_1_192' title='bbox 550 2648 581 2692; x_wconf 90' lang='lat' dir='ltr'>tu</span> <span class='ocrx_word' id='word_1_193' title='bbox 595 2635 687 2692; x_wconf 86' lang='lat' dir='ltr'>credis</span> <span class='ocrx_word' id='word_1_194' title='bbox 702 2655 836 2709; x_wconf 84' lang='lat' dir='ltr'>amorem,</span> 
     </span>
    </p>

    <p class='ocr_par' dir='ltr' id='par_1_24' title="bbox 90 2712 1085 2949">
     <span class='ocr_line' id='line_1_31' title="bbox 114 2712 841 2790; baseline 0.006 -20"><span class='ocrx_word' id='word_1_195' title='bbox 114 2714 154 2772; x_wconf 83' lang='lat' dir='ltr'>&#39;lu</span> <span class='ocrx_word' id='word_1_196' title='bbox 167 2715 221 2774; x_wconf 92' lang='lat' dir='ltr'>tibi</span> <span class='ocrx_word' id='word_1_197' title='bbox 231 2726 301 2773; x_wconf 90' lang='lat' dir='ltr'>tunc</span> <span class='ocrx_word' id='word_1_198' title='bbox 315 2731 435 2772; x_wconf 87' lang='lat' dir='ltr'>curruca</span> <span class='ocrx_word' id='word_1_199' title='bbox 448 2712 553 2790; x_wconf 89' lang='lat' dir='ltr'>places,</span> <span class='ocrx_word' id='word_1_200' title='bbox 568 2713 719 2790; x_wconf 86' lang='lat' dir='ltr'>fletumque</span> <span class='ocrx_word' id='word_1_201' title='bbox 732 2715 841 2774; x_wconf 76' lang='lat' dir='ltr'>labellis</span> 
     </span>
     <span class='ocr_line' id='line_1_32' title="bbox 112 2792 1085 2870; baseline 0.01 -20"><span class='ocrx_word' id='word_1_202' title='bbox 112 2792 256 2866; x_wconf 82' lang='lat' dir='ltr'>Exsorbes,</span> <span class='ocrx_word' id='word_1_203' title='bbox 270 2813 333 2870; x_wconf 76' lang='lat' dir='ltr'>que</span> <span class='ocrx_word' id='word_1_204' title='bbox 347 2793 450 2869; x_wconf 84' lang='lat' dir='ltr'>scripta</span> <span class='ocrx_word' id='word_1_205' title='bbox 464 2805 492 2850; x_wconf 92' lang='lat' dir='ltr'>et</span> <span class='ocrx_word' id='word_1_206' title='bbox 504 2807 571 2870; x_wconf 88' lang='lat' dir='ltr'>quot</span> <span class='ocrx_word' id='word_1_207' title='bbox 584 2794 692 2854; x_wconf 90' lang='lat' dir='ltr'>lecture</span> <span class='ocrx_word' id='word_1_208' title='bbox 707 2795 834 2870; x_wconf 87' lang='lat' dir='ltr'>tabellas,</span> <span class='ocrx_word' id='word_1_209' title='bbox 1025 2799 1085 2860; x_wconf 78' lang='lat'>230</span> 
     </span>
     <span class='ocr_line' id='line_1_33' title="bbox 90 2873 794 2949; baseline 0.001 -17"><span class='ocrx_word' id='word_1_210' title='bbox 90 2882 92 2903; x_wconf 85' lang='lat'><strong>¹</strong></span> <span class='ocrx_word' id='word_1_211' title='bbox 111 2874 138 2932; x_wconf 87' lang='lat' dir='ltr'>Si</span> <span class='ocrx_word' id='word_1_212' title='bbox 151 2874 202 2932; x_wconf 87' lang='lat' dir='ltr'>tibi</span> <span class='ocrx_word' id='word_1_213' title='bbox 217 2873 354 2949; x_wconf 82' lang='lat' dir='ltr'>zelotypae</span> <span class='ocrx_word' id='word_1_214' title='bbox 369 2884 529 2949; x_wconf 87' lang='lat' dir='ltr'>retegantur</span> <span class='ocrx_word' id='word_1_215' title='bbox 543 2875 646 2932; x_wconf 86' lang='lat' dir='ltr'>scrinia</span> <span class='ocrx_word' id='word_1_216' title='bbox 660 2877 794 2934; x_wconf 84' lang='lat' dir='ltr'>moechae!</span> 
     </span>
    </p>

    <p class='ocr_par' dir='ltr' id='par_1_25' title="bbox 111 2951 887 3032">
     <span class='ocr_line' id='line_1_34' title="bbox 111 2951 887 3032; baseline 0.004 -21"><span class='ocrx_word' id='word_1_217' title='bbox 111 2955 163 3012; x_wconf 88' lang='lat' dir='ltr'>Sed</span> <span class='ocrx_word' id='word_1_218' title='bbox 171 2954 249 3030; x_wconf 78' lang='lat' dir='ltr'>jacet</span> <span class='ocrx_word' id='word_1_219' title='bbox 261 2953 291 3010; x_wconf 92' lang='lat' dir='ltr'>in</span> <span class='ocrx_word' id='word_1_220' title='bbox 305 2952 376 3010; x_wconf 89' lang='lat' dir='ltr'>servi</span> <span class='ocrx_word' id='word_1_221' title='bbox 390 2951 593 3030; x_wconf 65' lang='lat' dir='ltr'>complexibus,</span> <span class='ocrx_word' id='word_1_222' title='bbox 608 2966 656 3011; x_wconf 89' lang='lat' dir='ltr'>aut</span> <span class='ocrx_word' id='word_1_223' title='bbox 669 2955 778 3030; x_wconf 88' lang='lat' dir='ltr'>equitis.</span> <span class='ocrx_word' id='word_1_224' title='bbox 819 2954 887 3032; x_wconf 90' lang='lat' dir='ltr'>Dic,</span> 
     </span>
    </p>

    <p class='ocr_par' dir='ltr' id='par_1_26' title="bbox 111 3031 854 3188">
     <span class='ocr_line' id='line_1_35' title="bbox 111 3031 847 3109; baseline 0.001 -19"><span class='ocrx_word' id='word_1_225' title='bbox 111 3032 162 3090; x_wconf 92' lang='lat' dir='ltr'>Dic</span> <span class='ocrx_word' id='word_1_226' title='bbox 176 3033 309 3108; x_wconf 88' lang='lat' dir='ltr'>aliquem,</span> <span class='ocrx_word' id='word_1_227' title='bbox 323 3032 415 3104; x_wconf 87' lang='lat' dir='ltr'>sodes,</span> <span class='ocrx_word' id='word_1_228' title='bbox 430 3031 487 3101; x_wconf 86' lang='lat' dir='ltr'>bic,</span> <span class='ocrx_word' id='word_1_229' title='bbox 500 3032 691 3109; x_wconf 77' lang='lat' dir='ltr'>Quintiliane,</span> <span class='ocrx_word' id='word_1_230' title='bbox 706 3034 847 3098; x_wconf 84' lang='lat' dir='ltr'>colorem:</span> 
     </span>
     <span class='ocr_line' id='line_1_36' title="bbox 111 3110 854 3188; baseline 0.001 -20"><span class='ocrx_word' id='word_1_231' title='bbox 111 3112 275 3170; x_wconf 75' lang='lat' dir='ltr'>Haeremus:</span> <span class='ocrx_word' id='word_1_232' title='bbox 296 3111 343 3168; x_wconf 88' lang='lat' dir='ltr'>die</span> <span class='ocrx_word' id='word_1_233' title='bbox 358 3111 426 3188; x_wconf 90' lang='lat' dir='ltr'>ipsa.</span> <span class='ocrx_word' id='word_1_234' title='bbox 467 3110 545 3168; x_wconf 91' lang='lat' dir='ltr'>Olim</span> <span class='ocrx_word' id='word_1_235' title='bbox 559 3123 739 3182; x_wconf 80' lang='lat' dir='ltr'>convenerat,</span> <span class='ocrx_word' id='word_1_236' title='bbox 754 3111 854 3186; x_wconf 90' lang='lat' dir='ltr'>inquit,</span> 
     </span>
    </p>

    <p class='ocr_par' dir='ltr' id='par_1_27' title="bbox 88 3187 1083 3742">
     <span class='ocr_line' id='line_1_37' title="bbox 111 3187 1083 3265; baseline -0.002 -17"><span class='ocrx_word' id='word_1_237' title='bbox 111 3191 147 3248; x_wconf 92' lang='lat' dir='ltr'>Ut</span> <span class='ocrx_word' id='word_1_238' title='bbox 160 3192 267 3250; x_wconf 82' lang='lat' dir='ltr'>laceres</span> <span class='ocrx_word' id='word_1_239' title='bbox 281 3201 321 3262; x_wconf 90' lang='lat' dir='ltr'>tu,</span> <span class='ocrx_word' id='word_1_240' title='bbox 334 3190 409 3265; x_wconf 92' lang='lat' dir='ltr'>quod</span> <span class='ocrx_word' id='word_1_241' title='bbox 424 3187 519 3262; x_wconf 86' lang='lat' dir='ltr'>velles,</span> <span class='ocrx_word' id='word_1_242' title='bbox 533 3207 662 3262; x_wconf 81' lang='lat' dir='ltr'>necnon</span> <span class='ocrx_word' id='word_1_243' title='bbox 675 3209 728 3264; x_wconf 89' lang='lat' dir='ltr'>ego</span> <span class='ocrx_word' id='word_1_244' title='bbox 741 3208 853 3264; x_wconf 86' lang='lat' dir='ltr'>possem</span> <span class='ocrx_word' id='word_1_245' title='bbox 1022 3193 1083 3254; x_wconf 74' lang='lat'>235</span> 
     </span>
     <span class='ocr_line' id='line_1_38' title="bbox 112 3264 801 3346; baseline -0.003 -20"><span class='ocrx_word' id='word_1_246' title='bbox 112 3270 261 3346; x_wconf 86' lang='lat' dir='ltr'>Indulgere</span> <span class='ocrx_word' id='word_1_247' title='bbox 275 3269 364 3333; x_wconf 90' lang='lat' dir='ltr'>mihi:</span> <span class='ocrx_word' id='word_1_248' title='bbox 386 3267 493 3326; x_wconf 88' lang='lat' dir='ltr'>clames</span> <span class='ocrx_word' id='word_1_249' title='bbox 505 3264 626 3337; x_wconf 62' lang='lat' dir='ltr'>liceret</span> <span class='ocrx_word' id='word_1_250' title='bbox 639 3286 716 3344; x_wconf 78' lang='lat' dir='ltr'>mere</span> <span class='ocrx_word' id='word_1_251' title='bbox 730 3267 801 3325; x_wconf 84' lang='lat' dir='ltr'>coelo</span> 
     </span>
     <span class='ocr_line' id='line_1_39' title="bbox 88 3345 859 3422; baseline -0.003 -15"><span class='ocrx_word' id='word_1_252' title='bbox 88 3356 90 3365; x_wconf 92' lang='lat'>&#39;</span> <span class='ocrx_word' id='word_1_253' title='bbox 112 3349 284 3422; x_wconf 78' lang='lat' dir='ltr'>confundas,</span> <span class='ocrx_word' id='word_1_254' title='bbox 298 3350 381 3408; x_wconf 90' lang='lat' dir='ltr'>homo</span> <span class='ocrx_word' id='word_1_255' title='bbox 395 3366 465 3406; x_wconf 92' lang='lat' dir='ltr'>sum.</span> <span class='ocrx_word' id='word_1_256' title='bbox 507 3345 588 3404; x_wconf 92' lang='lat' dir='ltr'>Nihil</span> <span class='ocrx_word' id='word_1_257' title='bbox 602 3358 644 3404; x_wconf 90' lang='lat' dir='ltr'>est</span> <span class='ocrx_word' id='word_1_258' title='bbox 657 3347 793 3412; x_wconf 86' lang='lat' dir='ltr'>audacius</span> <span class='ocrx_word' id='word_1_259' title='bbox 803 3345 859 3406; x_wconf 92' lang='lat' dir='ltr'>illis</span> 
     </span>
     <span class='ocr_line' id='line_1_40' title="bbox 112 3425 891 3506; baseline -0.001 -19"><span class='ocrx_word' id='word_1_260' title='bbox 112 3427 280 3506; x_wconf 71' lang='lat' dir='ltr'>Deprensis:</span> <span class='ocrx_word' id='word_1_261' title='bbox 301 3427 372 3485; x_wconf 87' lang='lat' dir='ltr'>iram</span> <span class='ocrx_word' id='word_1_262' title='bbox 386 3440 468 3503; x_wconf 82' lang='lat' dir='ltr'>atque</span> <span class='ocrx_word' id='word_1_263' title='bbox 483 3427 591 3502; x_wconf 79' lang='lat' dir='ltr'>animos</span> <span class='ocrx_word' id='word_1_264' title='bbox 605 3447 621 3484; x_wconf 90' lang='lat' dir='ltr'>a</span> <span class='ocrx_word' id='word_1_265' title='bbox 635 3425 753 3491; x_wconf 86' lang='lat' dir='ltr'>crimine</span> <span class='ocrx_word' id='word_1_266' title='bbox 768 3439 891 3486; x_wconf 90' lang='lat' dir='ltr'>sumunt.</span> 
     </span>
     <span class='ocr_line' id='line_1_41' title="bbox 111 3505 945 3584; baseline -0.004 -17"><span class='ocrx_word' id='word_1_267' title='bbox 111 3509 190 3569; x_wconf 89' lang='lat' dir='ltr'>Unde</span> <span class='ocrx_word' id='word_1_268' title='bbox 204 3509 266 3566; x_wconf 81' lang='lat' dir='ltr'>hec</span> <span class='ocrx_word' id='word_1_269' title='bbox 279 3518 403 3566; x_wconf 88' lang='lat' dir='ltr'>monstra</span> <span class='ocrx_word' id='word_1_270' title='bbox 416 3505 520 3579; x_wconf 74' lang='lat' dir='ltr'>tamen,</span> <span class='ocrx_word' id='word_1_271' title='bbox 535 3506 577 3564; x_wconf 85' lang='lat' dir='ltr'>vel</span> <span class='ocrx_word' id='word_1_272' title='bbox 592 3507 647 3582; x_wconf 82' lang='lat' dir='ltr'>quo</span> <span class='ocrx_word' id='word_1_273' title='bbox 661 3507 696 3564; x_wconf 91' lang='lat' dir='ltr'>de</span> <span class='ocrx_word' id='word_1_274' title='bbox 708 3505 793 3580; x_wconf 85' lang='lat' dir='ltr'>fonte,</span> <span class='ocrx_word' id='word_1_275' title='bbox 807 3507 945 3584; x_wconf 83' lang='lat' dir='ltr'>requirisl</span> 
     </span>
     <span class='ocr_line' id='line_1_42' title="bbox 112 3583 1082 3650; baseline 0.002 -4"><span class='ocrx_word' id='word_1_276' title='bbox 112 3588 263 3646; x_wconf 80' lang='lat' dir='ltr'>Praestabat</span> <span class='ocrx_word' id='word_1_277' title='bbox 275 3597 368 3648; x_wconf 82' lang='lat' dir='ltr'>castas</span> <span class='ocrx_word' id='word_1_278' title='bbox 382 3585 496 3644; x_wconf 89' lang='lat' dir='ltr'>humilis</span> <span class='ocrx_word' id='word_1_279' title='bbox 510 3587 620 3644; x_wconf 85' lang='lat' dir='ltr'>fortuna</span> <span class='ocrx_word' id='word_1_280' title='bbox 633 3583 749 3646; x_wconf 87' lang='lat' dir='ltr'>Latinas</span> <span class='ocrx_word' id='word_1_281' title='bbox 1023 3589 1082 3650; x_wconf 78' lang='lat'>240</span> 
     </span>
     <span class='ocr_line' id='line_1_43' title="bbox 112 3664 814 3742; baseline -0.009 -12"><span class='ocrx_word' id='word_1_282' title='bbox 112 3667 273 3740; x_wconf 76' lang='lat' dir='ltr'>Quondam,</span> <span class='ocrx_word' id='word_1_283' title='bbox 287 3684 345 3724; x_wconf 91' lang='lat' dir='ltr'>nec</span> <span class='ocrx_word' id='word_1_284' title='bbox 359 3664 432 3724; x_wconf 88' lang='lat' dir='ltr'>vitiis</span> <span class='ocrx_word' id='word_1_285' title='bbox 445 3665 572 3742; x_wconf 87' lang='lat' dir='ltr'>contingi</span> <span class='ocrx_word' id='word_1_286' title='bbox 585 3685 671 3742; x_wconf 88' lang='lat' dir='ltr'>parva</span> <span class='ocrx_word' id='word_1_287' title='bbox 684 3665 814 3724; x_wconf 88' lang='lat' dir='ltr'>sinebant</span> 
     </span>
    </p>
   </div>
   <div class='ocr_carea' id='block_1_4' title="bbox 18 3743 927 3824">
    <p class='ocr_par' dir='ltr' id='par_1_28' title="bbox 18 3743 927 3824">
     <span class='ocr_line' id='line_1_44' title="bbox 18 3743 927 3824; baseline 0.002 -20"><span class='ocrx_word' id='word_1_288' title='bbox 18 3759 20 3770; x_wconf 69' lang='lat'><strong>⁴</strong></span> <span class='ocrx_word' id='word_1_289' title='bbox 113 3747 201 3804; x_wconf 83' lang='lat' dir='ltr'>Tecta</span> <span class='ocrx_word' id='word_1_290' title='bbox 210 3746 298 3818; x_wconf 84' lang='lat' dir='ltr'>labor,</span> <span class='ocrx_word' id='word_1_291' title='bbox 312 3743 457 3820; x_wconf 87' lang='lat' dir='ltr'>somnique</span> <span class='ocrx_word' id='word_1_292' title='bbox 471 3745 579 3818; x_wconf 87' lang='lat' dir='ltr'>breves,</span> <span class='ocrx_word' id='word_1_293' title='bbox 591 3758 620 3804; x_wconf 90' lang='lat' dir='ltr'>et</span> <span class='ocrx_word' id='word_1_294' title='bbox 633 3746 734 3803; x_wconf 85' lang='lat' dir='ltr'>vellere</span> <span class='ocrx_word' id='word_1_295' title='bbox 748 3745 847 3806; x_wconf 82' lang='lat' dir='ltr'>Tusco</span> <span class='ocrx_word' id='word_1_296' title='bbox 922 3811 927 3824; x_wconf 50' lang='grc'><em>,</em></span> 
     </span>
    </p>
   </div>
   <div class='ocr_carea' id='block_1_5' title="bbox 113 3824 779 4042">
    <p class='ocr_par' dir='ltr' id='par_1_29' title="bbox 113 3824 779 4042">
     <span class='ocr_line' id='line_1_45' title="bbox 113 3824 779 3901; baseline -0.003 -17"><span class='ocrx_word' id='word_1_297' title='bbox 113 3827 224 3884; x_wconf 78' lang='lat' dir='ltr'>Veratae</span> <span class='ocrx_word' id='word_1_298' title='bbox 238 3825 370 3900; x_wconf 76' lang='lat' dir='ltr'>dureque</span> <span class='ocrx_word' id='word_1_299' title='bbox 383 3842 492 3896; x_wconf 83' lang='lat' dir='ltr'>manus,</span> <span class='ocrx_word' id='word_1_300' title='bbox 507 3843 540 3882; x_wconf 86' lang='lat' dir='ltr'>ac</span> <span class='ocrx_word' id='word_1_301' title='bbox 554 3825 697 3901; x_wconf 83' lang='lat' dir='ltr'>proximus</span> <span class='ocrx_word' id='word_1_302' title='bbox 710 3824 779 3882; x_wconf 90' lang='lat' dir='ltr'>Urbi</span> 
     </span>
     <span class='ocr_line' id='line_1_46' title="bbox 113 3903 754 4042; baseline -0.005 -77"><span class='ocrx_word' id='word_1_303' title='bbox 113 3903 264 3990; x_wconf 75' lang='lat' dir='ltr'>llqnuilml,</span> <span class='ocrx_word' id='word_1_304' title='bbox 278 3914 308 3964; x_wconf 88' lang='lat' dir='ltr'>et</span> <span class='ocrx_word' id='word_1_305' title='bbox 320 3913 425 4042; x_wconf 52' lang='lat' dir='ltr'>Sigides</span> <span class='ocrx_word' id='word_1_306' title='bbox 440 3903 552 3962; x_wconf 78' lang='lat' dir='ltr'>Cottius</span> <span class='ocrx_word' id='word_1_307' title='bbox 565 3916 641 3964; x_wconf 89' lang='lat' dir='ltr'>turre</span> <span class='ocrx_word' id='word_1_308' title='bbox 655 3903 754 3962; x_wconf 86' lang='lat' dir='ltr'>mariti.</span> 
     </span>
    </p>
   </div>
   <div class='ocr_carea' id='block_1_6' title="bbox 0 0 1339 4430">
    <p class='ocr_par' dir='ltr' id='par_1_30' title="bbox 0 0 1339 4430">
     <span class='ocr_line' id='line_1_47' title="bbox 0 0 1339 4430; baseline 0 0"><span class='ocrx_word' id='word_1_309' title='bbox 0 0 1339 4430; x_wconf 95' lang='lat' dir='ltr'> </span> 
     </span>
    </p>
   </div>
  </div>
 </body>
</html>
