2628 4430
5 3943 9 3994 l

5 4007 14 4082 l.

5 4265 9 4370 l

515 385 637 434 saulus
655 385 688 434 X.

117 528 220 590 Quum
235 528 346 588 Getula
360 529 460 586 ducem
474 539 596 604 portaret
610 529 702 586 bellua
715 529 842 588 luscum!

120 607 223 666 Exitus
236 605 306 684 ergd
320 608 382 683 quis
392 609 455 665 esti
475 607 503 664 O
516 608 619 683 gloria!
641 609 762 666 vincitur
775 609 850 667 idem

119 687 244 764 Nempe,
258 699 287 745 et
300 687 329 744 in
343 687 471 743 exsilium
485 705 610 762 preceps
624 688 704 762 fugit,
719 697 801 764 atque
815 689 855 747 ibi
869 707 988 766 magnus
1040 689 1097 749 160

120 765 325 842 Mirandusque
338 765 428 822 cliens
442 765 520 822 sedet
533 767 569 823 ad
580 767 708 842 praetoria
721 768 804 844 regis,

120 845 222 903 Donec
236 846 357 920 Bithyno
370 843 457 902 libeat
471 845 584 920 vigilare
599 857 725 920 tyranno.

73 953 79 964 ·
121 923 222 982 Finem
237 925 349 996 animae,
362 941 424 999 quar
439 943 483 980 res
497 925 634 980 humanas
647 924 760 982 miscuit
772 924 849 998 olim,

121 1001 186 1061 Non
200 1003 299 1079 gladii,
312 1021 369 1060 nou
384 1021 450 1061 saxa
463 1003 579 1075 dabunt,
595 1023 649 1061 nec
662 1005 734 1072 tela;
755 1005 805 1060 sed
819 1003 865 1062 ille

122 1082 285 1140 Cannarum
300 1083 411 1153 vindex,
427 1100 461 1140 ac
474 1081 544 1138 tanti
559 1083 705 1158 sanguinis
719 1083 801 1154 ultor,

123 1161 262 1220 tinnulus.
304 1159 328 1232 Ι,
343 1161 469 1231 demens,
483 1172 512 1217 et
526 1179 613 1220 saevas
626 1181 708 1218 curre
721 1181 770 1238 per
784 1161 883 1237 Alpes,

122 1241 154 1298 Ut
168 1241 266 1316 pueris
279 1240 401 1316 placeas,
415 1250 444 1297 et
457 1240 625 1299 declamatio
638 1241 704 1298 fias!

121 1319 200 1378 Unus
213 1319 318 1376 Pellaeo
328 1319 425 1394 juveni
440 1338 498 1376 non
512 1319 613 1378 sufficit
626 1321 720 1378 orbis:

122 1399 234 1456 AEstnat
248 1399 347 1455 infelix
361 1409 480 1474 angusto
493 1398 581 1456 limite
594 1399 703 1471 mundi,

121 1477 157 1535 Ut
169 1479 272 1552 Gyarae
286 1477 398 1534 clausus
412 1477 542 1553 scopulis,
556 1479 696 1553 parvique
711 1477 839 1553 Seripho.

121 1557 218 1618 Quum
233 1569 328 1614 tamen
343 1576 359 1613 a
374 1555 465 1632 figulis
479 1557 616 1614 munitam
630 1557 773 1614 intraverit
791 1557 899 1629 urbem,

125 1635 300 1712 Sarcophago
313 1645 462 1693 contentus
475 1636 536 1692 erit.
578 1635 656 1693 Mors
669 1637 727 1694 sola
741 1635 850 1708 fatetur,

124 1713 267 1775 Quantula
281 1714 338 1771 sint
351 1713 498 1770 homiuum
509 1715 682 1789 corpuscula.
725 1714 857 1772 Creditur
870 1713 937 1772 olim

123 1793 285 1851 Velificatus
300 1793 402 1864 Athos,
416 1804 444 1849 et
457 1792 591 1867 quidquid
605 1794 717 1850 Graecia
731 1793 853 1850 mendax

120 1873 215 1930 Audet
228 1873 258 1929 in
272 1871 406 1928 historia:
427 1883 598 1929 constratum
612 1873 748 1930 classibus
761 1871 862 1944 isdem,

121 1951 357 2027 Suppositumque
371 1951 439 2007 rotis
452 1951 571 2008 solidum
585 1971 682 2009 mare:
704 1952 844 2008 credimus
858 1951 928 2010 altos

121 2029 268 2088 Defecisse
283 2047 389 2100 amnes,
404 2041 540 2104 epotaque
555 2029 671 2088 fiumina
686 2029 773 2088 Medo

124 2108 292 2180 Prandente,
307 2119 335 2166 et
349 2109 469 2166 madidis
482 2120 578 2165 cantat
595 2128 658 2183 quae
673 2109 815 2168 Sostratus
828 2109 888 2166 alis.

123 2186 168 2248 llle
184 2201 283 2245 tamen
297 2187 388 2261 qualis
404 2187 487 2243 rediit
501 2188 643 2244 Salamine
654 2187 761 2258 relicti,

121 2265 151 2324 In
165 2267 275 2324 Corum
289 2278 371 2340 atque
382 2265 490 2322 Eurum
504 2266 601 2322 solitus
615 2266 711 2324 saevire
725 2265 841 2342 flagellis

121 2345 271 2416 Barbarus,
287 2344 380 2402 AEolio
394 2363 538 2420 nunquam
554 2346 607 2402 hoc
622 2345 650 2401 in
665 2363 778 2402 carcere
792 2363 898 2420 passos,

120 2423 215 2500 ipsum
230 2424 415 2499 compedibus
428 2425 476 2498 qui
490 2425 616 2480 vinxerat
629 2423 830 2499 Ennosigaeum
841 2425 853 2480 l

122 2501 216 2562 biitius
232 2501 260 2559 id
276 2498 355 2572 nand,
368 2500 445 2576 qudd
458 2521 516 2559 nou
529 2513 558 2558 et
571 2503 701 2576 stigmate
716 2503 832 2578 dignum

127 2581 255 2641 Credidit.
298 2580 376 2637 Huic
389 2580 534 2654 quisquam
548 2581 632 2636 vellet
641 2581 748 2651 ‚servire
762 2581 899 2637 deoruml

130 2661 177 2718 Sed
188 2661 280 2736 qualis
293 2659 396 2716 rediiti
416 2677 517 2734 nempe
532 2660 589 2716 unia
603 2677 683 2731 nave,
698 2659 823 2716 cruentis

128 2737 278 2810 Fluctibus,
293 2757 326 2796 ac
340 2738 420 2794 tarda
433 2757 482 2814 per
497 2739 585 2795 densa
598 2739 735 2796 cadavera
747 2739 838 2814 prurit.

124 2817 180 2876 Has
193 2819 278 2876 toties
291 2827 386 2892 optata
398 2818 493 2892 exegit
506 2817 595 2893 gloria
608 2837 714 2894 pamas.

156 2897 203 2956 Da
216 2896 337 2973 spatium
351 2897 423 2968 vitae,
438 2896 539 2954 multos
552 2897 598 2969 da,
613 2897 731 2974 Jupiter,
746 2900 850 2957 annosl

122 2975 183 3035 Hoc
197 2988 277 3034 recto
291 2975 368 3032 vultu
382 2975 483 3047 solum,
498 2977 552 3032 hoc
565 2987 594 3033 et
606 2977 726 3052 pallidus
740 2989 827 3053 optas.

119 3057 177 3114 Sed
190 3053 277 3131 qudm
291 3054 433 3112 continuis
446 3065 474 3110 et
487 3055 597 3128 quantis
611 3056 695 3130 longa
709 3067 841 3113 senectus

117 3135 209 3192 Plena
219 3133 320 3191 malisl
340 3132 501 3189 Deformem
516 3142 545 3188 et
557 3143 660 3188 tetrum
674 3144 739 3190 ante
752 3134 848 3190 omnia
860 3133 977 3206 vultum,

117 3213 349 3286 Dissimilemque
363 3211 416 3282 sui,
431 3209 584 3266 deformem
599 3230 648 3286 pro
662 3221 727 3267 cute
741 3210 852 3286 pellem,

117 3293 336 3366 Pendentesque
349 3309 446 3366 genas,
460 3300 489 3345 et
501 3289 571 3345 tales
586 3289 700 3364 adspice
713 3307 807 3365 rugas,

116 3371 240 3443 Quales,
255 3369 420 3427 umbriferos
433 3368 481 3424 ubi
495 3369 594 3444 pandit
607 3367 739 3426 Tabraca
752 3369 847 3442 saltus,

117 3451 156 3508 In
169 3450 263 3508 vetuli
277 3449 377 3524 scalpit
387 3449 445 3524 jam
459 3457 547 3504 mater
561 3447 642 3504 simia
655 3448 754 3506 buceri.

117 3529 246 3586 Plurima
259 3537 325 3586 sunt
336 3527 470 3602 juvenum
484 3527 664 3584 discrimina:
684 3527 827 3604 pulchrior
841 3529 887 3588 ille

118 3609 198 3680 Hoc,
211 3619 294 3684 atque
308 3607 354 3664 ille
368 3605 437 3676 ali0;
459 3603 578 3664 multum
592 3607 639 3664 hic
652 3609 789 3666 robustior
802 3609 859 3667 illo.

119 3687 187 3745 Una
201 3706 300 3744 senum
314 3685 410 3757 facies,
425 3703 490 3742 cum
504 3703 572 3742 voce
585 3687 733 3744 trementia
746 3689 872 3746 membra

119 3764 161 3824 Et
171 3766 229 3842 jam
243 3767 304 3824 leve
318 3775 411 3840 caput,
425 3763 585 3840 madidique
600 3766 719 3824 infantia
732 3768 802 3824 nasi.

120 3845 312 3922 Frangendus
325 3844 427 3900 misero
440 3843 557 3919 gingiva
571 3845 653 3919 panis
666 3845 769 3902 inermi
782 3865 788 3902 :
1037 3845 1099 3906 W)

120 3923 218 4002 Usque
232 3921 304 3983 aded
317 3923 409 4001 gravis
422 3923 510 3994 uxori,
524 3925 660 4000 natisque,
676 3925 793 4001 sibique,
