2646 4416
531 367 655 464 equum
672 367 704 418 V.
1050 373 1104 430 101

120 505 183 565 Oro
196 517 274 566 teres
289 507 410 580 modico,
423 507 562 583 pellentes
575 510 675 568 radere
689 527 781 568 mores
831 561 843 572 .
858 538 872 569 e
1069 511 1106 570 15

122 583 245 657 Doctus,
259 595 292 642 et
302 585 428 661 ingenuo
438 587 551 663 culpam
566 587 690 662 defigere
703 587 780 646 ludo.

122 661 203 720 Hinc
217 665 308 735 trahe,
321 681 384 738 que
397 663 488 736 dices,
502 683 686 739 mensamque
697 663 829 740 relinque
842 663 974 740 Mycenis
978 703 996 736 Ι

122 740 200 798 Cum
214 741 308 816 capite
321 753 350 800 et
362 742 491 817 pedibus,
504 743 671 818 plebeieque
684 744 802 817 prandia
816 742 902 800 noris.

161 818 231 878 Non
247 820 378 894 equidem
392 821 446 878 hoc
459 822 569 892 studeo,
583 821 696 878 bullatis
710 832 741 878 ut
753 821 823 878 milri
836 822 920 898 nugis

124 895 235 972 Pagina
247 908 399 974 turgescat,
413 899 481 956 dare
494 899 604 974 pondus
618 899 721 957 idonee
734 899 819 957 sumo.

122 975 236 1032 Secreti
250 975 396 1050 loquimur.
438 976 507 1035 Tibi
520 995 608 1048 nunc,
623 978 752 1034 hortante
765 977 916 1047 Oammnd,

126 1051 307 1111 Excutienda
317 1054 418 1110 damus
431 1057 602 1130 precordia:
623 1066 783 1130 quantaque
797 1065 900 1112 nesure

126 1131 193 1187 Pars
204 1142 255 1188 tua
268 1131 314 1202 eit,
328 1131 465 1204 Cornuto,
479 1133 591 1204 enimae,
605 1133 666 1204 tibi,
680 1132 773 1189 dulcis
788 1133 889 1204 amice,

122 1207 294 1268 Ostendisse
307 1210 394 1284 juret.
436 1210 531 1281 Pulso,
545 1212 712 1285 dignoscere
726 1219 836 1282 cautus,

121 1285 204 1346 Quid
220 1287 341 1344 solidum
355 1298 461 1363 crepet,
475 1299 504 1346 et
517 1289 603 1364 pictre
613 1289 731 1346 tectoria
744 1289 857 1364 lingue.

123 1364 179 1421 His
193 1383 248 1440 ego
261 1377 397 1422 centenas
410 1366 500 1424 ausim
509 1367 662 1441 deposuere
677 1385 770 1437 voces,

123 1441 171 1513 Ut,
185 1441 323 1517 quantum
337 1443 406 1500 mihi
417 1455 444 1500 te
458 1443 572 1502 sinuoso
586 1445 616 1500 in
629 1456 743 1519 pectore
757 1443 816 1515 lixi,

123 1519 204 1578 Voce
218 1522 327 1578 trehem
339 1522 421 1597 puri,
432 1533 578 1596 totumque
593 1523 646 1578 hoc
662 1523 745 1578 verba
757 1524 913 1598 resignent,

123 1597 214 1658 Quod
227 1598 295 1656 latet
308 1599 480 1656 euoenon
494 1599 651 1656 ederrabile
664 1600 743 1667 libri.

162 1675 266 1736 Quum
279 1675 401 1752 primum
413 1677 515 1752 parido
528 1690 624 1734 custos
637 1677 706 1734 mihi
719 1695 844 1752 purpure
856 1676 952 1751 cessit,

124 1752 264 1828 Bullaque
274 1755 428 1812 succinctis
438 1755 544 1812 laribus
557 1755 662 1812 donata
675 1755 826 1830 pependit3

125 1829 227 1892 Quum
241 1831 337 1888 blandi
351 1833 478 1904 comites,
489 1833 602 1907 totique
616 1833 731 1908 impune
746 1833 859 1890 Subori

125 1908 258 1966 Permisit
270 1909 404 1985 sparsisse
418 1911 515 1968 oculos
525 1910 584 1985 jam
597 1912 737 1968 candidus
751 1912 838 1970 umbo
849 1931 856 1982 ;

9 2005 11 2018 ’
124 1986 280 2062 Quumque
294 1989 346 2044 iter
361 1988 525 2064 ambiguum
538 1999 591 2066 est,
605 2000 634 2045 et
648 1989 711 2046 vitm
724 1991 838 2048 nescius
848 2007 925 2048 error

125 2063 244 2122 Diducit
257 2065 381 2141 trepidas
393 2084 503 2124 ramosa
516 2066 545 2122 in
559 2067 682 2141 compita
695 2079 820 2124 mentes:

124 2140 175 2200 Me
188 2143 240 2200 tibi
254 2143 394 2218 supposui.
435 2143 565 2202 Teneros
576 2153 606 2200 tu
620 2145 739 2219 suscipis
752 2163 841 2202 annos

125 2219 280 2292 Socratico,
292 2221 429 2291 Cornute,
442 2222 515 2278 sinu.
556 2221 644 2278 Tunc
657 2221 854 2306 falletepolers

124 2299 263 2373 Apposita
276 2299 393 2356 intortos
406 2299 529 2358 ostendit
542 2299 640 2375 regula
650 2319 762 2368 mores;

123 2375 162 2432 Et
175 2377 310 2450 premitur
323 2377 431 2434 ratione
445 2377 565 2448 animus,
580 2378 710 2452 vincique
719 2376 837 2450 laboret,

124 2453 330 2528 Artificemque
344 2465 394 2511 tuo
407 2455 487 2512 ducit
499 2455 553 2510 sub
565 2455 668 2530 pollice
682 2456 797 2513 vultum.

123 2529 238 2588 Tecum
253 2532 358 2588 etenim
372 2531 471 2608 longos
484 2533 600 2590 memini
615 2551 782 2590 consumere
794 2534 880 2606 soles,

123 2607 162 2664 Et
175 2619 271 2666 tecum
284 2609 388 2685 primas
400 2610 490 2685 epulis
504 2611 656 2684 decerpere
670 2621 778 2668 noctes.

123 2685 222 2742 Unum
236 2707 306 2763 opus
319 2699 348 2744 et
361 2687 488 2761 requiem
501 2688 604 2763 pariter
615 2687 791 2764 disponimus
803 2689 897 2762 ambo,

123 2763 220 2838 Atque
234 2766 394 2822 verecundi
408 2766 535 2822 laxamus
547 2766 620 2824 seria
634 2766 741 2824 mensi.

122 2840 192 2898 Non
206 2843 336 2918 equidem
351 2843 405 2900 hoc
415 2843 536 2916 dubites,
550 2845 695 2902 amborum
710 2845 815 2923 foedere
828 2857 906 2906 certo

122 2919 294 2978 (lonseutire
308 2921 379 2992 dies,
394 2933 423 2978 et
436 2922 473 2980 ab
486 2941 548 2982 uuo.
557 2923 649 2980 sidere
662 2924 737 2981 duci.

122 2996 153 3053 N
154 3008 230 3055 ostra
242 2999 286 3056 vel
301 2999 399 3073 equali
413 3001 559 3076 suspendit
571 3001 799 3076 temporaLibm

122 3075 216 3134 Peroe
229 3087 315 3134 tener
328 3076 395 3148 veri,
409 3096 460 3135 seu
471 3089 537 3136 natu
550 3079 680 3135 fidelibus
693 3080 762 3136 hore

122 3153 233 3212 Dividit
246 3155 276 3212 in
289 3155 426 3214 Geminos
439 3156 592 3214 concordia
605 3155 662 3212 lete
675 3153 807 3226 duorum,

123 3233 335 3308 Saturnumque
348 3251 462 3309 gravem
475 3246 571 3294 nostro
583 3231 654 3290 Jove
668 3231 825 3306 frangimus
838 3229 907 3292 und.
1079 3292 1087 3299 ,

123 3310 232 3368 Nescio
244 3311 318 3386 quod
332 3309 409 3370 certe
423 3321 477 3382 est,
491 3311 565 3386 quod
576 3329 622 3368 me
635 3309 685 3368 tibi
704 3320 852 3386 temperat,
866 3320 982 3370 utrm
1054 3323 1057 3328 '

163 3388 245 3446 Mille
259 3388 404 3447 hominum
419 3389 538 3465 species,
552 3399 581 3446 et
593 3407 687 3446 rerum
700 3388 821 3448 discolor
834 3406 912 3450 usus.

122 3467 205 3526 Velle
219 3485 303 3524 suum
316 3467 419 3542 cuique
432 3478 484 3539 est,
499 3485 554 3524 nec
568 3478 631 3524 roto
649 3467 749 3524 vivitur
760 3486 818 3526 uno

122 3544 271 3603 Mercibus
284 3546 332 3603 hie
343 3544 426 3602 Italis
438 3555 529 3603 mutat
538 3545 592 3602 sub
605 3545 665 3602 sole
678 3545 787 3602 recenti
816 3567 818 3570 ·

122 3623 274 3700 Rugosum
286 3623 375 3712 piper,
389 3633 418 3680 et
430 3622 562 3698 pellentis
572 3641 661 3700 grane
674 3623 799 3682 cumini:

122 3701 183 3760 Hic
196 3713 273 3759 satur
286 3702 393 3776 irriguo
406 3701 511 3758 mavult
523 3711 685 3777 turgescere
696 3720 811 3760 sonum:

123 3781 181 3838 Hic
195 3779 306 3855 Campo
319 3777 464 3854 indulget:
485 3779 563 3838 huuc
577 3779 640 3838 alea
652 3780 804 3854 decoquit:
825 3780 872 3838 ille

121 3857 158 3918 In
171 3857 316 3916 Venerem
329 3867 372 3915 est
385 3855 492 3968 putris:
513 3858 564 3916 sed
576 3876 663 3932 quum
676 3857 804 3932 lapidosa
816 3859 955 3938 chsrcgru
