2628 4430
519 401 641 450 sumat
658 403 720 450 Xll.

119 543 187 602 Sed
201 543 271 602 vitio
284 545 353 604 caeoi
367 555 478 620 propter
491 545 659 619 patrimonia
671 544 775 602 vivunt.

121 621 142 679 J
145 635 260 680 actatur
275 642 366 679 rerum
382 623 493 680 utilium
506 643 570 698 pars
585 625 722 680 maxima:
742 623 793 680 sed
807 641 862 682 nec

120 701 244 758 Damna
257 703 358 760 lavant.
401 701 497 774 Tunc,
512 702 635 760 adversis
648 701 823 776 urgentibus,
838 700 907 762 illue

121 780 258 852 Recidit,
273 792 305 838 ut
315 781 421 838 malum
435 781 507 838 serro
520 780 706 850 submitteret,
721 800 755 838 ac
769 800 799 838 se

121 859 262 935 Explicat
275 872 433 934 angustum.
474 859 655 918 Discriminis
669 859 766 918 ultima
778 860 893 935 quaudo

122 937 268 996 Praesidia
280 939 432 1008 afferimus,
447 957 547 996 navem
563 938 673 996 factura
686 939 832 996 minorent

123 1017 138 1074 1
157 1035 248 1090 nunc,
263 1028 292 1074 et
306 1018 395 1074 ventis
408 1017 532 1077 aninum
546 1016 701 1088 committe,
714 1017 809 1076 dolato

123 1096 265 1154 Confisus
279 1095 367 1172 ligno,
382 1096 478 1174 digitis
491 1116 509 1153 a
522 1107 610 1154 morte
624 1108 748 1154 remotus

122 1175 272 1247 Quatuor,
287 1186 335 1232 aut
349 1187 465 1250 septem,
479 1175 503 1232 si
517 1175 553 1232 sit
565 1175 700 1232 latissima
713 1175 803 1234 taedat

123 1253 198 1312 Mox
213 1273 280 1310 cum
294 1254 428 1326 reticulis,
442 1266 471 1312 et
484 1274 567 1329 pane,
581 1267 610 1312 et
624 1265 720 1312 uentre
733 1255 859 1330 lagena,¹

124 1334 257 1408 Adspice
271 1335 422 1393 sumendas
436 1333 465 1392 in
480 1344 643 1408 tempestate
658 1351 780 1392 secures.

126 1413 186 1468 Sed
201 1423 348 1488 postquam
360 1412 449 1487 jacuit
462 1411 577 1488 planum
591 1429 677 1482 mara,
692 1423 818 1487 tempora
830 1422 977 1488 postquam

126 1491 269 1566 Prospera
280 1492 407 1562 vectoris,
419 1491 562 1566 fatumque
576 1491 714 1548 valentius
728 1491 805 1550 Euro

128 1569 169 1626 Et
181 1570 290 1645 pelago,
304 1581 450 1644 postquam
464 1569 560 1628 Parcae
575 1571 691 1627 meliora
705 1569 829 1646 benignu

132 1647 222 1706 Pensa
234 1667 322 1705 manu
336 1649 445 1706 ducunt
459 1649 569 1719 hilares,
583 1659 612 1706 et
625 1649 754 1706 staminis
768 1649 824 1708 albi

132 1726 274 1799 Lanihcae,
290 1727 405 1784 modici.
413 1746 467 1784 nac
481 1725 599 1784 multirrn
615 1727 709 1786 fortior
722 1727 791 1784 aura

132 1807 240 1863 Ventus
254 1807 353 1863 adest:
375 1806 451 1882 inopi
465 1806 630 1866 miserabilis
643 1818 702 1864 arte
716 1806 841 1866 cucurrit

128 1885 264 1942 Vestibus
277 1886 409 1956 extentis,
422 1897 460 1956 et,
474 1885 548 1959 quod
562 1897 741 1960 superaverat
754 1904 852 1959 unum,

127 1964 198 2022 Velo
213 1983 297 2040 prora
310 1983 369 2022 suo.
409 1963 427 2020 J
430 1984 474 2022 am
489 1965 685 2024 deficientibus
698 1965 821 2037 Austris,

130 2043 198 2120 Spes
213 2043 279 2100 vita
292 2061 358 2100 cum
372 2044 429 2102 sole
443 2044 530 2104 redit:
551 2055 611 2102 tum
625 2055 719 2119 gratus
734 2044 807 2117 Iulo,

132 2123 223 2198 Atque
239 2123 380 2180 novercali
393 2123 474 2180 sedes
488 2123 600 2197 praelata
613 2123 729 2193 Lavino,

131 2201 310 2277 Conspicitur
324 2201 450 2258 sublimis
465 2219 544 2276 apex,
559 2201 606 2258 cui
619 2202 741 2258 candida
754 2219 863 2260 nomen

129 2281 229 2338 Scrofa
242 2279 330 2352 dedit,
344 2280 415 2337 laetis
428 2279 586 2356 Phrygibus
600 2280 727 2339 mirabile
742 2297 852 2351 sumen,

128 2359 164 2417 Et
175 2378 325 2434 nunquam
338 2360 405 2416 visis
417 2359 532 2435 triginta
545 2359 621 2416 clara
634 2358 774 2416 mamillis.

130 2438 263 2496 'landem
278 2439 362 2495 intrat
374 2439 478 2514 positas
491 2438 602 2496 inclusa
614 2457 662 2514 per
677 2457 788 2511 equora
800 2438 899 2509 moles,

132 2517 364 2593 Tyrrhenamque
378 2517 500 2588 Pharon,
514 2529 696 2592 porrectaque
711 2517 826 2574 brachia
839 2535 960 2589 rursum,

136 2596 202 2657 (tua
218 2597 319 2672 pelago
332 2607 486 2654 occurrunt
499 2596 602 2666 medio,
615 2592 756 2670 longeque
770 2595 933 2670 relinquunt

138 2673 250 2734 Italiam.
292 2673 359 2737 Non
374 2675 415 2732 sic
429 2673 514 2750 igitur
528 2675 665 2732 mirabere
678 2683 782 2749 portus,

135 2754 211 2816 Quos
225 2765 326 2812 natura
339 2753 424 2810 dedit.
466 2753 524 2812 Sed
538 2753 638 2815 trunca
652 2772 745 2830 puppe
759 2753 892 2832 magister

130 2832 268 2892 Interiora
280 2833 349 2910 petit
363 2832 477 2893 Baianae
490 2833 585 2910 pervia
598 2835 705 2908 cymbae

128 2912 199 2971 Tuti
214 2925 315 2988 stagna
329 2911 415 2972 sinus.
456 2913 590 2972 Gaudent
604 2913 642 2970 ibi
657 2917 760 2976 vertice
772 2934 834 2974 raso

126 2992 252 3050 Garrula
264 2993 356 3050 securi
370 3011 483 3052 narrare
497 2992 621 3068 pericula
634 3005 736 3053 nauta.

127 3071 173 3129 Ite
187 3071 283 3148 igitur,
296 3072 385 3145 pueri,
399 3071 503 3146 linguis
516 3071 672 3144 animisque
686 3071 820 3143 faventes,

101 3169 105 3178 ’
128 3152 268 3225 Sertaque
282 3149 407 3206 delubris
420 3159 449 3206 et
463 3148 535 3206 farra
548 3148 682 3223 imponito
696 3149 803 3220 cultris,

127 3229 177 3288 Ac
191 3229 291 3286 molles
303 3240 400 3286 ornate
415 3227 491 3285 socos
504 3226 671 3301 glebamque
681 3227 834 3286 virentem:

128 3308 195 3366 Jam
211 3325 322 3384 sequar,
335 3319 365 3366 et
377 3325 465 3378 sacro,
479 3306 553 3381 quod
567 3316 688 3380 praestat,
702 3303 756 3364 rita
770 3317 894 3382 peracto,

128 3385 204 3446 luda
219 3388 334 3445 domum
347 3397 481 3461 repetam,
495 3385 614 3460 graciles
628 3385 676 3442 ubi
690 3403 775 3460 parva
788 3404 907 3444 coronas

132 3465 290 3542 Accipiunt
303 3465 393 3542 fragili
407 3465 558 3522 simulacra
571 3464 689 3522 nitentia
701 3465 776 3522 certi.

130 3543 192 3602 Hic
206 3552 331 3602 nostrum
344 3543 460 3619 placabo
474 3543 584 3614 lovem,
597 3541 757 3618 laribusque
770 3544 895 3620 paternis

131 3623 235 3680 Thura
249 3624 332 3695 debu,
348 3633 430 3696 atque
443 3641 541 3680 omnes
557 3621 637 3678 violae
648 3623 760 3698 jactabo
773 3623 889 3682 colores.

131 3702 247 3760 Cuncta
259 3703 366 3760 nitent:
387 3701 484 3776 longos
497 3702 585 3760 erexit
596 3701 685 3776 janua
697 3719 798 3775 ramos,

132 3779 171 3838 Et
185 3781 328 3838 matutinis
340 3791 469 3856 operatur
484 3779 698 3838 festalncernis.

174 3859 239 3918 Nec
252 3871 381 3936 suspecta
394 3859 444 3915 tibi
457 3859 514 3916 siut
527 3861 599 3930 haec,
611 3858 741 3918 Corvino.
782 3859 922 3935 Catullus,

133 3938 190 3998 Pro
203 3939 284 4016 cujus
296 3938 387 3997 reditu
401 3949 441 3996 tot
454 3957 529 4014 pono
540 3939 648 4011 altaria,
661 3957 760 4016 parvos
