2646 4416
230 363 286 424 m
564 366 595 412 A.
613 365 727 414 aaran
744 365 867 414 rancor

227 501 356 580 Fregerit
369 503 512 576 articulos,
525 505 628 563 veteris
641 507 758 564 ramalia
770 507 826 583 fagi
839 525 845 564 :

227 581 315 640 Tunc
327 600 437 639 crassos
451 581 586 640 transisse
599 583 671 656 dies,
682 585 831 660 lucemque
845 583 1009 659 palustrem,
1167 583 1208 644 ω

227 657 265 718 Et
277 659 333 718 sibi
342 659 402 735 jam
412 659 468 718 seri
482 661 567 718 vitam
581 661 748 736 ingemuere
762 663 897 720 relictam.

266 738 307 795 At
319 749 347 795 te
358 738 503 796 nocturnis
514 739 593 816 juvat
606 741 799 816 impallescere
815 740 928 798 chartis.

226 814 325 873 Cultor
338 816 415 890 enim
427 816 564 892 juvenum
578 828 712 894 purgatas
723 818 823 876 inseris
837 837 920 876 aures

225 891 320 970 Fruge
334 893 500 952 Cleantbei.
541 895 632 953 Petite
643 896 720 967 binc,
731 896 905 972 juvenesque
919 913 1067 972 senesque,

226 969 328 1033 Finem
342 972 436 1030 animo
448 983 567 1045 certum,
582 973 744 1050 miserisque
759 975 860 1032 viatica
872 974 961 1032 oanis.

225 1048 315 1106 ‘Cras
329 1050 384 1107 hoc
398 1050 463 1108 liet!
505 1050 587 1108 Idem
598 1071 661 1109 cras
674 1053 731 1110 fiet.
773 1052 893 1113 ‘Quidl
913 1051 992 1127 quasi
1006 1069 1154 1128 magnum,

225 1125 338 1204 Nempe
352 1129 427 1186 diem
442 1129 532 1186 donas
542 1130 562 1184 l'
604 1131 662 1187 Sed
676 1149 763 1204 quum
777 1131 825 1187 lux
838 1132 927 1187 altera
941 1131 1026 1201 venit,
1309 1170 1310 1174 ,

225 1203 291 1264 Jam
305 1225 369 1264 cras
384 1207 545 1266 hesternum
560 1209 803 1283 consumpsimus:
824 1227 893 1265 ecce
907 1207 985 1266 aliud
999 1225 1062 1264 cras
1309 1207 1310 1278 l

225 1281 324 1360 Egerit
338 1285 388 1342 hos
402 1304 500 1356 annos,
513 1296 543 1344 et
556 1303 667 1361 semper
682 1285 798 1361 paulum
811 1288 865 1344 erit
876 1284 957 1344 uitri.
1309 1289 1310 1302 ¹

110 1403 113 1410 »
225 1361 301 1420 Nam
314 1364 441 1438 quamvis
453 1382 539 1446 prope
553 1375 591 1433 tc,
605 1364 732 1437 quamvis
745 1367 858 1421 tem‘one
873 1364 926 1420 sub
940 1381 999 1422 uno
1166 1363 1205 1422 70
1309 1391 1310 1422 ι

225 1439 391 1498 vertentem
405 1459 476 1511 sese,
491 1441 593 1498 t'rustrd
606 1442 752 1498 sectabere
766 1444 911 1512 canthum,

224 1517 325 1579 Quum
339 1529 399 1575 rota
411 1517 547 1594 posterior
560 1537 666 1590 curras,
679 1529 709 1575 et
722 1517 752 1576 in
766 1537 818 1576 exe
832 1520 967 1577 secundo.

265 1595 407 1654 Libertate
420 1615 490 1672 opus
503 1608 555 1668 est,
566 1615 623 1655 non
638 1597 703 1668 bic,
716 1615 800 1673 qnam
814 1610 846 1654 ut
860 1598 979 1672 quisque
992 1595 1098 1655 Velini

225 1673 344 1732 Publius
357 1675 493 1747 emeruit,
502 1675 661 1734 scabiosum
675 1676 813 1732 tessernld
829 1676 869 1732 sar

224 1750 361 1808 Possidet.
403 1751 470 1810 Heu
484 1754 592 1810 steriles
606 1754 673 1824 veri,
686 1755 789 1828 quibus
803 1771 860 1810 una
872 1751 1017 1815 Quiritem

219 1829 342 1904 ,vertigo
355 1829 439 1886 iacit!
463 1829 520 1886 Hic
534 1830 626 1886 Dama
639 1842 683 1886 est
696 1849 753 1887 non
767 1832 864 1887 tressis
878 1849 974 1906 agaso,

224 1906 324 1980 Vappa
337 1917 366 1962 et
378 1905 480 1980 lippus,
494 1917 522 1963 et
536 1907 565 1963 in
580 1907 657 1963 tenui
673 1907 813 1982 farragine
827 1909 967 1964 mendax:

224 1983 348 2041 verterit
362 1983 438 2040 hunc
451 1983 592 2055 dominus,
607 1996 749 2042 momento
762 1985 883 2042 turbinis
896 1986 955 2042 erit

225 2059 340 2119 Marciis
354 2059 454 2120 Dama
497 2061 597 2138 Papae!
623 2060 723 2120 Marco
737 2064 902 2140 spondente,
916 2079 1032 2120 recusas

224 2139 349 2197 Credere
362 2149 393 2196 tu
407 2141 555 2197 nummosi
576 2139 677 2198 Marco
690 2140 745 2198 sub
760 2140 853 2198 'udice
866 2141 974 2217 pallesl

224 2217 340 2275 Marcus
354 2217 443 2276 dixit:
465 2219 503 2275 ita
515 2229 569 2296 est,
608 2219 742 2294 Assigna,
791 2237 865 2290 arce,
879 2218 1005 2276 tabellas.

96 2353 99 2360 ,
225 2296 298 2354 Haec
313 2315 392 2354 mera
404 2296 535 2354 libertas:
558 2297 612 2354 boc
625 2295 708 2353 nobis
723 2296 797 2372 pilea
810 2297 925 2353 donant.

155 2389 159 2396 ⁴
224 2375 290 2432 'An
301 2374 447 2449 quisquam
461 2385 504 2432 eat
517 2374 588 2431 alins
603 2374 683 2445 liber,
697 2374 752 2430 nisi
763 2376 868 2431 ducere
883 2375 968 2431 vitam

223 2453 280 2510 Gai
291 2453 415 2524 licet„ut
428 2451 537 2510 voluitl
558 2453 634 2524 licet,
649 2461 681 2508 ut
696 2452 766 2524 volo,
777 2453 889 2509 vivere:
910 2469 968 2510 non
982 2449 1037 2508 sim

223 2531 352 2588 Liberior
366 2529 454 2588 Bruto
464 2531 483 2588 l¹
507 2528 647 2588 Mendoed
661 2529 782 2606 colligis,
797 2530 889 2604 inquit

106 2638 111 2642 ·
224 2611 339 2666 Stoicus
352 2608 409 2678 lric,
424 2625 521 2665 aurem
534 2609 660 2674 mordaci
674 2608 747 2666 lotus
761 2619 849 2665 aceto.

225 2687 289 2742 Hoc
303 2686 442 2760 reliquum
458 2686 584 2760 accipio:
605 2687 672 2742 δαί
685 2685 753 2742 illud
768 2697 797 2742 et
810 2693 843 2740 ut
855 2685 916 2741 colo
929 2684 1004 2742 tolle.

223 2761 378 2818 ‘Vindicii
391 2773 537 2835 postquam
551 2779 632 2818 meus
645 2773 792 2836 spretore
806 2763 920 2833 recessi,

223 2839 283 2896 Gur
297 2839 365 2895 mihi
379 2857 438 2895 non
452 2839 545 2909 liceat,
556 2839 640 2914 jussit
652 2839 839 2912 quodcunque
852 2839 992 2910 voluntas,

223 2915 361 2992 Excepto,
375 2916 481 2990 siquid
495 2914 605 2972 Masuri
618 2915 732 2972 rubrica
741 2915 869 2972 vetaviti

264 2994 366 3051 Discel
388 2995 438 3052 sed
453 2994 493 3050 ira
506 2994 590 3051 cadat
603 3013 672 3050 naso
685 3011 842 3069 rugosaque
856 3011 956 3066 sanna,

224 3071 302 3130 Dum
313 3083 420 3130 veteres
433 3071 510 3130 avias
523 3069 574 3130 tibi
588 3073 624 3129 de
637 3072 770 3148 pulmone
783 3071 894 3130 revello.

224 3150 292 3209 Non
305 3149 431 3226 pretoria
444 3160 505 3208 erat
519 3150 611 3208 stultis
623 3151 691 3207 dare
704 3149 801 3206 tenuia
811 3167 906 3207 rerum

223 3227 337 3300 Officia,
351 3240 435 3304 atqua
446 3245 530 3284 asum
543 3228 648 3303 rapide
662 3228 822 3304 permittere
835 3229 908 3285 vite.

225 3307 398 3364 Sombucana
411 3303 496 3363 citius
509 3306 602 3364 caloni
613 3306 750 3381 aptaveris
763 3304 828 3363 alto.

225 3385 287 3442 Stat
299 3382 399 3441 contri
413 3383 493 3454 ratio,
507 3395 536 3440 at
548 3393 687 3440 secretam
702 3383 842 3458 gannitio
857 3399 965 3454 aurem,

224 3461 271 3520 Na
284 3461 369 3519 liceat
383 3461 474 3518 facere
485 3461 524 3532 id,
537 3462 612 3536 qood
622 3461 686 3536 quis
699 3461 805 3540 vitiabit
818 3461 937 3536 agendo.

127 3568 131 3580 ν
225 3539 344 3598 Publica
356 3539 402 3611 lea
416 3537 561 3595 hominnm
573 3549 729 3612 naturaque
742 3539 870 3596 continet
883 3539 939 3597 hoo
953 3539 996 3598 ias

225 3615 264 3674 Ut
275 3627 373 3674 teneat
386 3616 486 3673 vetitos
500 3615 612 3672 inscitia
624 3616 727 3672 debilis
738 3625 832 3674 actus:

224 3693 319 3750 Diluis
333 3694 515 3763 helleborum,
531 3704 609 3774 cerm
622 3711 802 3768 compescere
814 3703 923 3768 puncto

224 3771 349 3829 Nescius
361 3771 500 3828 examenl
520 3781 596 3828 rotat
608 3772 664 3828 boc
675 3782 777 3836 natura
790 3769 932 3830 medendi.

224 3847 335 3907 Narem
349 3849 373 3905 si
384 3857 485 3924 pam
496 3847 551 3904 sibi
563 3859 717 3924 peronatus
730 3859 822 3908 arator
