2628 4430
215 353 255 418 72
525 359 555 406 D.
572 356 668 406 lUNll
685 355 879 406 JUVENALIS

217 501 270 558 Vel
285 497 386 578 potitis,
401 499 536 576 quantum
550 501 690 558 Gradivus
706 500 893 557 Homericus:
914 499 1017 571 Audis,

216 579 337 656 dupiter,
351 581 421 652 baeo,
437 600 490 638 nec
505 582 581 637 labra
596 599 698 650 moves,
712 595 798 654 quum
813 582 923 636 mittere
937 595 1034 636 rocem

217 659 371 731 Debueras,
387 659 427 716 vel
443 675 625 730 marmoreus,
640 659 682 715 vel
699 659 826 715 aeneusl
848 667 896 716 aut
906 674 956 714 cur

216 738 251 795 ln
266 739 386 796 carbone
399 749 448 796 tuo
461 739 558 796 chartul
572 739 618 812 pia
630 739 713 794 thura
725 737 815 794 soluti

217 817 360 888 Ponimus,
374 828 403 874 et
416 829 523 874 sectum
538 817 615 874 vituli
626 817 716 893 jecur,
731 816 848 889 albaque
862 813 939 892 porci

215 895 359 954 Omental
380 895 417 953 Ut
430 896 519 967 video,
535 896 642 953 nullum
657 895 808 952 discrimen
824 895 985 952 babendum
1000 903 1044 952 cat

217 965 333 1051 Effigies
347 975 419 1032 inter
433 987 546 1046 vestras,
561 987 736 1049 statuamque
751 973 870 1047 Vagelli.

214 1117 216 1128 χ
257 1055 376 1130 Accipe,
390 1073 451 1129 quaa
466 1053 564 1129 pontid
578 1054 668 1111 valeat
682 1054 780 1112 solatia
795 1054 875 1126 ferre,

216 1131 254 1190 Et
267 1133 314 1207 qui
329 1153 382 1192 uec
396 1134 520 1208 Cynicos
533 1151 588 1190 nec
602 1135 700 1190 Stoica
715 1134 847 1208 dogmata
860 1131 928 1210 legit

217 1214 244 1270 A
260 1212 376 1287 Cynicis
389 1213 486 1270 tuniod
501 1213 642 1283 distantia,
657 1228 715 1269 non
726 1211 882 1290 Epicurum

151 1291 152 1294 ’
217 1291 341 1367 Suspicit
354 1291 448 1367 exigui
462 1292 556 1348 laetum
570 1292 743 1366 plantaribus
754 1291 834 1349 horti.

214 1365 358 1428 Cureutur
372 1371 449 1428 dubii
464 1371 581 1428 medicis
592 1371 743 1446 majoribus
758 1371 842 1446 aegri3

216 1449 265 1506 Tu
279 1468 381 1507 venam
397 1449 438 1508 vel
452 1449 590 1525 discipulo
603 1450 747 1507 committe
762 1449 892 1525 Philippi.

217 1529 248 1586 Si
262 1529 371 1586 nullum
386 1529 414 1586 in
429 1530 509 1586 terris
522 1541 580 1586 tarn
594 1530 759 1586 detestabile
775 1530 879 1586 factum

216 1605 362 1681 Ostendis,
376 1619 457 1666 taceo
465 1628 473 1677 ;
494 1625 548 1665 nec
562 1609 664 1683 pugnis
677 1609 787 1666 caedere
802 1619 901 1684 pectus

216 1685 263 1764 Te
276 1693 348 1759 veto,
363 1707 417 1744 nec
430 1688 513 1762 plauti
528 1687 629 1744 faciem
643 1689 818 1746 contundere
831 1685 933 1762 palmd,

214 1763 456 1841 Quandoquidem
470 1777 586 1840 accepto
600 1766 758 1824 claudenda
772 1781 814 1824 est
827 1767 911 1840 janua
923 1767 1036 1837 damno,

217 1842 255 1900 Et
268 1845 371 1920 majore
385 1845 485 1902 domnis
498 1857 614 1920 gemitu,
625 1847 728 1920 majore
741 1845 864 1901 tumultu

217 1921 393 1999 Planguntur
404 1923 525 1994 nummi,
539 1922 623 1998 quarn
639 1925 744 1980 limera.
787 1924 881 1980 Nemo
893 1922 1018 1981 dolorem

217 2001 315 2078 Fingit
328 2003 357 2060 in
372 2003 426 2060 hoo
439 2021 518 2072 casu,
532 2015 638 2060 vestem
652 2004 793 2060 deducere
807 2021 945 2060 summam

217 2081 385 2154 Contentus,
399 2099 499 2140 vexare
513 2082 609 2140 oculos
623 2083 739 2140 humore
752 2093 860 2140 coacto.

216 2157 345 2219 Pluratur
358 2161 492 2236 lacrymis
504 2161 606 2218 amissa
619 2161 740 2238 pecunia
754 2161 833 2220 veris.

218 2241 274 2298 Sed
290 2241 313 2298 si
328 2253 432 2298 cancta
445 2241 522 2298 vides
535 2239 618 2298 simili
634 2242 692 2298 fora
704 2241 789 2316 plena
801 2241 926 2316 querela,

218 2319 259 2392 Si,
273 2320 368 2377 decies
381 2319 462 2377 lectis
472 2320 582 2376 diversi
595 2331 672 2395 parte
683 2320 803 2390 tabellis,

216 2399 301 2456 Vana
313 2399 478 2474 supervacui
492 2399 591 2456 dicunt
604 2399 789 2474 chirographa
803 2397 881 2472 ligni,

218 2477 321 2554 Arguit
335 2479 458 2554 ipsorum
472 2497 541 2554 quos
554 2478 655 2550 littera,
669 2495 836 2554 gemmaque
850 2477 980 2554 princeps

216 2549 428 2632 Sardonychas,
442 2558 542 2615 loculis
555 2575 617 2633 quse
629 2559 785 2615 custoditur
799 2557 932 2614 eburnis:

219 2636 303 2707 Teu',
317 2637 345 2693 Ο
359 2637 491 2694 delicias!
513 2649 591 2693 extra
604 2637 764 2693 communia
779 2655 879 2693 censes

220 2713 406 2774 Ponenduml
427 2714 489 2775 Qut
504 2725 533 2771 tn
548 2715 658 2790 gallinae
673 2716 746 2772 filius
760 2716 840 2786 albae,

220 2791 278 2850 Nos
290 2793 356 2850 viles
369 2793 437 2869 pulli
452 2794 509 2850 nati
523 2794 683 2850 infelicibus
697 2793 777 2851 ovisl

217 2870 291 2928 Rern
306 2873 409 2946 pateris
422 2872 572 2944 modicum,
583 2887 612 2929 et
625 2873 760 2929 mediocri
776 2872 830 2928 bile
844 2871 998 2945 ferendam,

219 2945 249 3008 si
264 2949 359 3008 flectas
372 2951 469 3010 oeulos
482 2951 587 3027 majora
598 2952 633 3008 ad
646 2952 774 3008 crimina.
815 2951 921 3008 Confer

218 3029 398 3086 Conductum
411 3030 559 3102 latronem,
574 3031 705 3088 incendia
716 3031 849 3106 sulphure
862 3041 955 3106 coepta

220 3109 312 3183 Atque
326 3109 400 3180 dolo,
414 3109 518 3186 primos
531 3129 617 3185 quum
629 3111 717 3186 janua
732 3110 839 3185 colligit
854 3111 932 3186 ignes
944 3129 951 3178 ;

217 3187 323 3246 Confer
336 3199 365 3244 et
379 3189 438 3260 hos,
453 3189 553 3246 veteris
566 3191 613 3264 qui
627 3189 727 3248 tollunt
741 3189 859 3265 grandia
873 3189 971 3266 templi

217 3266 325 3325 Pocula
338 3267 489 3324 adorande
502 3270 648 3344 rubiginis,
663 3279 691 3324 et
704 3268 871 3344 populorum

217 3345 311 3419 Dona,
325 3347 367 3404 vel
383 3347 496 3422 antiquo
510 3349 612 3421 positas
627 3365 643 3403 a
657 3363 722 3424 rege
736 3365 861 3404 coronas.

217 3425 292 3482 Haec
305 3425 343 3484 ibi
358 3425 382 3494 si
396 3445 451 3482 uon
466 3437 540 3496 sunt,
554 3427 646 3483 minor
659 3437 749 3483 exstat
763 3426 926 3501 sacrilegus,
939 3425 989 3500 qui

217 3503 314 3561 Radat
328 3504 446 3561 inaurati
462 3504 551 3561 femur
565 3504 707 3576 Herculis,
721 3517 749 3561 et
763 3505 863 3560 faciem
879 3505 969 3581 ipsam

217 3582 359 3658 Neptuni3
381 3583 428 3657 qui
442 3583 610 3639 bracteolam
627 3585 661 3641 de
676 3585 792 3641 Castore
807 3585 900 3642 ducat.

218 3661 266 3718 An
281 3661 397 3732 dubitet,
411 3661 508 3718 solitus
522 3671 609 3718 totum
626 3663 748 3720 conflare
761 3662 946 3720 'l‘onauteml

217 3739 322 3798 Confer
335 3751 364 3798 et
378 3740 507 3811 artifices,
516 3752 756 3814 mercatoremque
771 3743 882 3813 veneni,

218 3817 256 3876 Et
269 3819 466 3876 deducendum
481 3821 557 3876 corio
572 3821 648 3878 bovis
663 3821 690 3876 in
708 3839 792 3890 artare,
807 3839 873 3878 curn
886 3837 941 3895 qao

218 3897 364 3954 Clauditur
378 3898 502 3956 advorsis
515 3899 630 3956 innoxia
643 3898 725 3955 simia
739 3899 810 3956 lutis.

1138 655 1199 714 115

1139 1843 1193 1902 130

1137 2239 1197 2298 raa

1138 2633 1303 2694 1411ἰ

1135 3031 1195 3090 145

1138 3425 1197 3485 1511

1140 3821 1199 3879 155
