2628 4430
212 391 254 456 ,66
524 391 548 438 D
573 391 586 437 J
592 389 669 438 UNIl
686 387 880 438 JUVENALIS

160 597 162 612 Ι
216 532 273 590 Sed
285 533 383 608 procul
397 543 545 590 extensum
559 533 689 608 petulans
702 531 792 606 quatit
806 532 897 590 hestia
910 531 1018 603 funem,

214 609 340 686 Tarpeio
354 623 463 670 servata
477 611 550 683 lovi,
565 611 739 684 frontemque
750 623 898 670 coruscat:

214 689 330 766 Quippe
345 691 424 748 seror
436 690 550 761 vitulus,
565 690 676 764 templis
691 702 817 746 maturus
832 701 860 746 et
873 707 937 760 arar,

215 769 453 904 {purgandasque
468 789 554 839 mero,
568 787 652 844 quem
664 769 723 844 jam
737 770 825 844 pudet
839 767 1043 826 uberamatris

245 867 338 918 ucere,
352 847 399 923 qui
413 859 495 906 renat
507 847 635 906 nascenti
649 847 747 904 robora
760 865 857 904 cornu.

215 927 303 984 Sires
316 927 409 1004 ampla
422 928 508 998 domi,
524 927 677 1002 similisque
691 927 838 982 affectibus
851 936 935 1000 esset,

214 1003 352 1082 Pinguior
367 1005 498 1082 Hispullrl
512 1007 667 1064 traheretur
681 1015 787 1076 taurus,
801 1017 830 1062 et
843 1006 905 1080 ipse

217 1083 294 1142 Mole
307 1085 397 1164 piger,
412 1103 467 1142 nec
481 1085 601 1142 finitima
616 1083 738 1141 nutritus
752 1085 780 1142 in
796 1085 892 1157 herba,

216 1163 295 1222 beta
308 1165 358 1220 sed
372 1164 525 1221 ostendens
539 1163 676 1220 Clitumni
689 1181 797 1238 pascua
810 1164 926 1240 sanguis

218 1241 285 1314 Iret,
297 1255 325 1300 et
337 1261 354 1300 a
367 1243 467 1318 grandi
482 1244 576 1300 cervix
590 1243 717 1300 ferienda
731 1243 868 1314 ministro,

217 1319 264 1378 Ob
277 1322 398 1378 reditum
411 1322 576 1397 trepidantis
590 1323 693 1391 adhuc,
708 1321 902 1395 horrendaque
915 1316 990 1398 passi

217 1399 326 1476 Nuper,
340 1411 369 1457 et
382 1401 553 1458 incolumem
565 1419 627 1458 sese
642 1401 770 1458 mirantis
784 1401 877 1457 amici.

217 1478 293 1536 Nam
307 1491 408 1555 preter
418 1479 510 1556 pelagi
525 1497 618 1551 casus,
632 1492 661 1536 et
676 1479 793 1554 fulguris
808 1479 896 1536 ictum

218 1557 313 1632 Evasi,
328 1559 423 1616 densae
437 1557 541 1614 coelum
555 1556 730 1616 absconddre
744 1559 868 1614 tenebrae

217 1635 304 1694 Nube
318 1638 386 1710 und,
400 1638 564 1712 subitusque
578 1649 716 1695 antennas
730 1637 840 1712 impulit
851 1637 925 1712 ignis

217 1711 317 1776 Quum
333 1735 363 1774 se
376 1716 494 1791 quisque
509 1717 557 1774 illo
570 1732 735 1792 percussum
749 1717 886 1788 erederet,
900 1725 929 1774 et
942 1733 1008 1774 mox

219 1795 365 1854 Attonitus
378 1795 488 1852 nullum
502 1796 623 1852 conferri
636 1813 719 1870 posse
731 1805 843 1868 putaret

218 1873 408 1950 Naufragium
422 1873 492 1930 velis
506 1874 678 1930 ardentibus.
720 1872 825 1930 Omnia
838 1875 911 1930 fiunt

218 1951 313 2025 Talia,
327 1964 384 2010 tam
398 1952 529 2028 graviter,
543 1953 693 2026 siquando
706 1953 818 2026 politica
833 1953 923 2027 surgit

219 2027 395 2108 Tempestas.
436 2032 535 2088 Genus
549 2049 618 2088 ecce
633 2032 709 2088 aliud
724 2030 912 2088 discriminis:
935 2031 1001 2089 andi

219 2093 401 2169 dimiseram
416 2111 527 2183 iterum,
542 2129 702 2185 quanquam
716 2111 772 2167 sint
786 2122 888 2168 caetera
902 2111 983 2168 sortis

219 2189 372 2266 Ejusdem:
393 2209 457 2266 pars
470 2189 531 2246 dira
545 2189 668 2264 quidem,
683 2192 733 2248 sed
747 2191 862 2266 cognita
875 2189 979 2262 multis,

219 2269 258 2328 Et
270 2288 354 2344 quam
369 2269 459 2326 votivi
474 2279 609 2326 testantur
624 2270 688 2326 sana
701 2269 806 2326 tabellrl

219 2348 354 2424 Plurima.
396 2347 522 2404 Pictores
538 2349 600 2422 quis
614 2349 705 2406 nescit
719 2349 753 2406 ab
768 2348 843 2405 lside
857 2347 957 2424 pasci?

220 2426 337 2486 Accidit
350 2439 378 2484 et
392 2438 486 2484 nostro
500 2427 599 2484 similis
610 2429 721 2485 fortuna
734 2427 854 2484 Catullo.

217 2505 319 2568 Quum
332 2505 433 2582 plenus
447 2505 534 2562 fluctu
548 2507 659 2563 medius
672 2507 743 2563 foret
757 2507 861 2578 altene,
874 2505 982 2582 etjam,

218 2585 369 2646 Alternum
384 2584 484 2660 puppis
495 2585 569 2642 latus
582 2586 773 2642 evertentibus
785 2585 871 2642 undis

220 2665 338 2722 Arboris
353 2665 478 2735 incertae,
493 2664 599 2722 nullam
614 2665 764 2740 prudentia
778 2664 843 2722 cani

219 2741 353 2803 Rectoris
367 2743 507 2799 conferret
520 2761 619 2818 opem;
641 2743 776 2800 decidere
785 2743 863 2818 jactu

218 2819 314 2895 Coepit
323 2839 389 2878 cum
403 2820 493 2876 ventis
505 2839 553 2889 ;-

220 2897 354 2969 Fundite,
368 2915 430 2973 quae
443 2917 509 2960 mea
521 2910 596 2972 sunt,
612 2899 733 2969 dicebat,
745 2909 859 2971 cuncta,
874 2897 1012 2972 Catullus,

220 2975 399 3052 Praecipitare
413 2977 509 3034 volens
522 2977 606 3034 etiam
621 2979 818 3054 pulcherrima,
832 2988 935 3035 vestem

220 3055 404 3132 Purpuream,
418 3057 522 3112 teneris
534 3075 644 3132 quoque
659 3056 865 3114 Maecenatibus
879 3069 981 3133 aptam

221 3133 316 3210 Atque
330 3135 407 3208 alias,
421 3154 539 3211 quarum
553 3137 682 3212 generosi
697 3137 832 3212 graminis
847 3137 937 3211 ipsum

221 3212 325 3272 Infecit
338 3225 438 3272 natura
451 3233 548 3290 pecus,
563 3217 612 3272 sed
626 3227 655 3274 et
669 3215 800 3291 egregius
814 3215 876 3272 sons

221 3293 338 3350 Viribus
350 3293 479 3365 occultis,
493 3305 521 3351 et
536 3294 659 3352 Baeticus
673 3294 784 3370 adjuvat
798 3297 855 3351 adr.

222 3370 278 3430 Ille
292 3390 347 3430 nec
360 3382 508 3446 argentum
522 3372 668 3430 dubitabat
681 3373 801 3444 mittere,
815 3373 913 3430 lances

222 3449 374 3507 Parthenio
388 3449 485 3521 iactas,
499 3467 578 3506 urnae
591 3463 700 3508 cratera
712 3469 858 3526 capacem,

222 3525 262 3585 Et
274 3527 391 3604 dignum
406 3527 519 3586 sitiente
532 3529 628 3602 Pholo,
644 3530 687 3587 vel
701 3531 823 3606 conjuge
836 3529 932 3586 Fusci.

203 3611 215 3625 ''
224 3605 307 3662 Adde
320 3619 349 3664 et
363 3607 527 3678 bascaudas,
541 3617 570 3664 et
583 3608 658 3665 mille
672 3609 791 3680 escaria,
805 3609 924 3665 multum

223 3683 333 3756 uetari,
347 3685 457 3742 biberat
467 3705 522 3760 quo
535 3686 653 3742 callidus
666 3698 775 3762 emptor
788 3685 916 3761 Olynthi.

223 3761 282 3820 sed
296 3763 358 3838 quis
370 3781 450 3822 nunc
463 3765 543 3836 alius,
558 3765 613 3840 qud
626 3765 725 3821 mundi
739 3776 826 3840 parte,
841 3765 904 3840 quis
919 3765 1003 3823 audet

176 3840 182 3851 ’
225 3841 352 3916 Argenta
366 3843 495 3916 preferre
507 3854 601 3918 caput,
615 3844 754 3917 rebusque
769 3843 907 3900 saluteml

224 3917 291 3977 Nou
304 3931 415 3996 propter
428 3921 513 3979 vitam
528 3921 634 3979 faciunt
647 3922 815 3998 patrimonia
828 3923 951 3998 quidem,
