2628 4430
223 325 264 399 ω
533 321 567 372 n.
584 321 682 372 sunu
697 321 895 372 iuvemus

223 463 346 524 Electrae
357 463 457 542 jugulo
469 482 500 522 se
513 464 623 541 polluit,
635 476 683 524 aut
698 465 829 540 Spartani

223 543 371 620 Sanguine
385 543 520 620 conjugii,
534 544 620 602 nullis
634 544 748 602 aconita
760 543 926 618 propinquis

106 617 108 626 ’
222 621 351 694 Miscuit,
365 621 395 679 in
409 621 496 679 scens
510 640 655 696 nunquam
669 622 794 682 cantavit
807 621 932 678 Orestes.
1151 617 1216 677 22⁰
1304 629 1305 632 ’

221 699 329 759 Troica
342 718 400 757 non
414 699 534 775 scripsit.
574 699 656 764 Quid
670 699 746 756 enim
761 698 917 776 Verginius
931 696 1015 755 armis
1304 707 1305 734 ³

129 791 135 798 “
221 777 328 836 Debuit
341 777 443 836 ulcisci
459 773 560 858 magis,
575 788 624 836 aut
637 797 703 836 cum
717 777 841 836 Vindice
855 775 967 833 Galbal

219 855 302 917 Quid
316 856 395 914 Nero
408 867 467 914 tam
481 853 556 914 tevai
570 855 716 932 crudique
729 855 879 930 tyrannide
893 854 981 912 lecitl

221 933 294 1004 lieo
307 953 403 1012 opera,
417 945 501 1012 atque
515 935 559 994 hae
573 941 640 994 suut
653 933 783 1010 generosi
797 933 939 1008 Principis
949 942 1032 1004 artes,

219 1011 379 1070 Gaudentis
393 1011 468 1069 fredo
481 1013 630 1092 peregrina
643 1012 679 1068 ad
692 1011 800 1088 pulpita
813 1011 886 1069 saltu

220 1089 364 1163 Prostitui,
377 1091 528 1170 Graiaeque
543 1091 638 1168 apium
652 1091 789 1150 meruisse
800 1107 920 1149 coronae.

220 1167 361 1244 Majorum
375 1163 484 1244 effigies
498 1166 623 1226 habeant
636 1168 760 1244 insignia
773 1167 868 1244 uocis:
892 1167 893 1174 ’

142 1301 143 1304 ,
219 1246 299 1305 Ante
312 1247 402 1324 pedes
412 1245 520 1304 Domiti
534 1247 649 1322 longum
664 1258 695 1304 tu
712 1267 787 1324 pone
800 1247 935 1322 Thyestae

220 1325 321 1400 Syrma
335 1325 378 1382 vel
392 1325 556 1400 Antigone,
570 1343 620 1384 seu
634 1343 783 1402 personam
798 1323 986 1402 Menalippes,

219 1401 258 1460 Et
271 1404 307 1461 da
321 1422 478 1460 marmoreo
491 1403 629 1462 citharam
643 1405 784 1480 suspende
799 1403 916 1461 colosso.
1004 1419 1005 1424 ’
1149 1401 1212 1464 230.

218 1480 311 1554 Quid,
325 1481 459 1554 Catilina,
474 1479 530 1538 tuis
541 1481 692 1552 natalibus,
706 1493 789 1554 atque
803 1481 935 1558 Cethegi,
1304 1489 1305 1562 ,

219 1558 351 1618 Inveniet
362 1559 411 1635 qui
465 1577 512 1624 am
524 1559 694 1618 sublimiusl
716 1559 806 1616 Arma
819 1570 914 1616 tamen
929 1578 977 1617 vos
1304 1567 1305 1572 ’

218 1633 370 1696 Nocturna
383 1651 412 1695 et
446 1647 554 1696 ammas
568 1637 699 1696 domibus
711 1637 879 1713 templisque
892 1636 1022 1716 parietis,

218 1715 258 1774 Ut
270 1715 455 1774 Bracatorum
468 1716 560 1790 pueri,
576 1717 778 1790 Senonumque
792 1715 926 1788 minores,
1304 1755 1305 1762 .

218 1795 302 1865 Ausi,
316 1795 391 1868 quod
404 1794 489 1850 liceat
502 1794 599 1852 tunica
613 1793 713 1868 punire
727 1793 853 1850 molesti.
1143 1793 1208 1856 235
1304 1797 1305 1800 ’

219 1871 277 1928 sed
291 1871 387 1947 vigilat
401 1871 521 1942 Consul,
534 1869 691 1944 vexillaque
705 1882 796 1928 vestra
806 1875 929 1928 coercet.
1151 1873 1154 1878 ‘

218 1949 277 2006 Hic
290 1967 380 2007 novus
394 1942 529 2024 Arpinas,
541 1947 684 2026 ignobilis,
699 1957 728 2006 et
741 1945 825 2006 modd
840 1949 943 2008 Romae

217 2025 402 2104 Municipalis
415 2027 520 2101 Eques,
531 2026 674 2108 galeatum
687 2025 767 2100 ponit
780 2025 884 2100 ubique

216 2103 386 2164 Puesidium
400 2104 535 2178 attonitis,
550 2117 578 2164 et
591 2105 621 2165 iu
635 2103 712 2162 omni
726 2115 811 2180 gente
824 2103 941 2164 laborat.

216 2181 348 2240 Tantum
361 2183 447 2262 igitur
461 2201 557 2242 muros
571 2184 645 2241 intra
658 2194 723 2258 toga
737 2183 856 2240 contulit
869 2183 909 2252 illi
975 2209 977 2214 ·
1142 2183 1205 2243 ΜΘ

215 2259 350 2320 Nominis
363 2261 490 2334 etgtituli,
504 2273 640 2338 quantum
655 2280 711 2318 non
725 2259 868 2334 Leucade,
882 2271 1020 2338 quantum
1048 2313 1058 2330 ‚

201 2337 374 2400 rTbessaliae
388 2341 495 2416 campis
508 2337 645 2408 Octavius
659 2339 773 2396 abstulit
787 2339 843 2397 udo

216 2416 353 2475 Cedibus
366 2415 488 2482 assiduis
497 2417 599 2494 gladio.
642 2417 700 2474 Sed
716 2415 811 2474 Roma
824 2427 980 2494 parentem,
1304 2475 1305 2482 ,

215 2493 311 2558 Roma
320 2507 429 2572 patrem
442 2497 540 2572 patriae
554 2495 725 2555 Ciceronem
739 2495 827 2558 libera
841 2495 919 2552 dixit.
1304 2525 1305 2536 ³

215 2571 340 2648 Arpinas
350 2575 422 2640 alius
435 2572 602 2654 Volscorum
625 2567 657 2631 in
671 2584 766 2630 monte
780 2571 886 2630 solebat
1139 2573 1201 2634 24⁵
1304 2621 1305 2644 ,

128 2651 133 2666 “
213 2648 336 2708 Poscere
349 2652 495 2710 mercedes
506 2649 598 2710 alieno
610 2650 700 2708 lassus
715 2661 815 2722 aratro,
1304 2653 1305 2700 l

213 2724 359 2784 Nodosam
369 2739 433 2806 post
443 2726 505 2786 haec
519 2727 664 2802 frangebat
676 2727 779 2784 vertice
793 2727 888 2800 vitem,

213 2803 245 2859 Si
258 2803 352 2861 lentus
364 2801 444 2880 pigri
457 2805 581 2862 muniret
594 2815 688 2861 castra
701 2803 824 2860 dolabri.

212 2879 380 2944 Hictamen
393 2881 566 2944 etcimbros
580 2893 608 2940 et
621 2901 731 2938 summa
744 2881 869 2956 pericula
882 2901 977 2941 rerum
1277 2931 1283 2935 ,

211 2955 335 3035 Excipit,
349 2971 378 3018 et
391 2949 467 3017 solus
477 2949 667 3035 'trepidantem
680 2959 801 3036 protegit
813 2957 928 3018 Urbem.
1134 2963 1198 3025 250

211 3037 306 3112 Atque
319 3037 395 3110 ideo,
409 3049 556 3116 postquam
570 3039 605 3098 ad
620 3037 750 3096 Cimbros
764 3048 942 3114 stragemque
955 3039 1099 3116 volabant,

117 3113 125 3132 ⁶
209 3113 272 3174 Qui
286 3135 430 3192 nunquam
441 3115 591 3192 attigerant
604 3115 709 3192 majora
723 3117 871 3190 cadavera,
886 3115 972 3190 corvi,

209 3191 326 3250 Nobilis
338 3205 453 3252 ornatur
466 3195 544 3271 lauro
559 3195 668 3272 collega
681 3194 816 3252 secundat.

209 3269 332 3331 Plebeiae
346 3273 500 3350 Deciorum
514 3273 624 3344 animae,
638 3273 748 3348 plebeis
763 3273 876 3330 suerunt

110 3354 112 3358 ’
209 3349 352 3409 Nomina:
372 3370 423 3428 pro
436 3351 501 3412 totis
510 3350 669 3426 legionibus
683 3341 712 3408 hi
726 3361 830 3422 umen,
842 3360 871 3407 et
882 3370 934 3426 pro
1130 3355 1192 3415 255

208 3427 352 3486 Omnibus
365 3429 487 3504 auxiliis,
501 3439 583 3518 atque
597 3429 674 3488 omni
688 3429 763 3505 pube
777 3425 891 3500 Latini,

209 3505 363 3565 Sufficiunt
377 3506 422 3564 dis
443 3505 560 3564 infernis
573 3506 728 3582 Terraeque
740 3506 852 3582 parenti
865 3526 871 3564 :

207 3581 301 3640 Pluris
314 3585 391 3643 enim
405 3584 498 3656 Decii,
509 3581 594 3659 quam
604 3603 667 3660 quae
681 3595 825 3656 serrantur
839 3584 952 3643 abillis.

208 3659 326 3726 smilis
339 3674 423 3740 natus
436 3663 573 3736 trabeam,
586 3673 615 3720 et
629 3663 759 3720 diadema
771 3656 899 3735 Quirini,

207 3735 246 3796 Et
259 3737 349 3798 fasces
362 3741 465 3802 meruit
477 3741 575 3816 regum
587 3741 703 3798 ultimus
717 3741 762 3798 ille
777 3741 923 3799 bonorum.
1129 3741 1191 3821 Ξῳ

207 3816 321 3877 Prodita
333 3819 465 3877 laxabant
477 3829 620 3894 portarum
634 3819 755 3876 claustra
767 3817 895 3894 tyrannis
