2646 4416
227 401 267 466 78
542 399 573 447 D.
591 399 687 448 JUNll
704 399 896 448 JUliENALlS

227 541 302 601 Sunt
313 542 442 618 quedam
457 541 586 599 vitiorum
599 543 739 600 elemento
752 561 758 598 ε
780 543 823 600 bis
836 554 970 618 protenus
985 535 1055 600 illo's

226 620 342 693 Imbuit,
356 631 385 678 et
399 621 474 696 eogit
487 622 618 678 minimas
632 622 758 678 ediscere
772 623 877 679 sordes.
897 629 903 640 '

227 699 296 758 Mox
310 699 473 774 acquirendi
488 701 572 757 docet
586 701 741 757 insatiabile
756 714 860 758 votum.
964 721 965 730 ¹
1171 697 1230 756 125

227 779 377 837 {arvorum
392 791 502 837 ventres
515 780 609 836 modio
623 779 741 854 castigat
752 779 858 854 iniquo,

226 857 291 934 lpse
305 877 415 934 quoque
429 859 573 938 esuriens:
594 858 776 932 nequeenim
790 860 886 916 omnia
898 859 1023 916 sustinet
1037 875 1175 932 unquam

226 935 345 994 Muoide
359 937 473 995 oaerulei
488 938 570 1012 penis
582 956 749 996 eonsumere
763 938 860 1010 frusta,

227 1015 403 1074 Hesternum
417 1016 515 1074 solitus
528 1017 625 1074 medio
636 1035 745 1074 serrare
760 1017 877 1074 minutal

227 1095 402 1170 Septembri:
423 1115 547 1153 necnon
562 1095 675 1154 differre
689 1097 717 1154 iu
732 1107 859 1171 tempora
871 1115 962 1154 eoenae
1172 1094 1229 1154 130

227 1174 354 1233 Alterius
367 1176 505 1232 conchem
518 1175 640 1233 estivam
654 1193 720 1232 eum
733 1187 812 1252 parte
826 1175 923 1234 leberti

228 1253 385 1330 Signatam,
401 1254 443 1311 vel
457 1255 574 1312 dimidio
587 1255 717 1330 putrique
731 1255 826 1326 siluro,
902 1284 906 1293 ·

227 1331 346 1409 Filaque
361 1334 458 1390 seotivi
472 1345 620 1392 numerato
633 1333 780 1392 includere
793 1335 876 1411 porri,

227 1410 367 1469 Invitatus
380 1413 415 1470 ad
430 1414 492 1470 haee
506 1413 605 1488 aliquis
618 1414 653 1470 de
668 1425 752 1488 ponte
767 1414 889 1490 negabit.

228 1493 286 1549 Sed
299 1488 356 1567 qud
370 1492 480 1548 divitias
494 1493 556 1548 baee
569 1511 618 1568 per
630 1502 772 1550 tormenta
784 1504 907 1564 coactas,
1008 1529 1015 1543 1
1172 1492 1227 1550 135

227 1569 328 1631 Quum
342 1571 417 1628 uror
430 1572 505 1628 haud
519 1571 631 1643 dubius,
647 1589 734 1646 quum
747 1573 783 1628 sit
796 1572 945 1630 manifesta
957 1571 1127 1647 phrenesis,

227 1649 265 1707 Ut
279 1650 404 1725 loeuples
415 1651 551 1722 moriaris,
565 1651 676 1727 egentis
690 1653 782 1710 uivere
797 1651 874 1708 fatol

228 1727 341 1786 Interea
353 1729 537 1804 pleno-quum
551 1741 645 1806 turget
655 1731 788 1788 saeculus
801 1749 859 1802 ore,
1003 1754 1008 1780 1

228 1807 341 1864 Crescit
355 1825 431 1864 amor
445 1811 564 1879 nummi,
579 1807 716 1882 quantdm
730 1809 791 1884 ipsa
805 1809 928 1885 pecunia
942 1809 1049 1878 nerim
1301 1849 1302 1874 r

228 1883 265 1942 Et
279 1883 372 1942 minus
387 1887 462 1941 hene
476 1889 696 1961 optatqur'non
710 1889 803 1944 babet.
846 1886 923 1964 Ergo
937 1899 1056 1964 paratur
1170 1885 1218 1945 141]
1301 1887 1302 1890 ’

227 1964 327 2022 Altera
340 1963 405 2020 villa
419 1964 581 2038 tibi‚,·quum
595 1985 643 2022 rus
656 1985 713 2025 non
725 1966 831 2023 suffieit
844 1985 943 2039 unum,

228 2042 266 2100 Et
278 2043 400 2119 proferre
414 2043 483 2100 libet
495 2045 566 2101 fines
578 2065 584 2113 ;
606 2045 748 2121 majorque
762 2045 871 2102 videtur

228 2121 266 2180 Et
279 2123 376 2180 melior
391 2123 483 2180 vicine
497 2143 596 2200 seges:
618 2123 752 2182 merearis
766 2121 795 2182 et
809 2126 893 2198 hano,
908 2137 937 2183 et

228 2203 363 2275 Arbusta,
378 2214 406 2260 et
419 2203 508 2261 deusd
522 2216 646 2269 montem
660 2203 708 2279 qui
722 2205 897 2262 oanetolivrl.

227 2281 359 2344 Quorum
374 2283 397 2340 si
411 2284 499 2357 pretio
514 2284 646 2340 dominus
656 2303 715 2341 non
730 2284 851 2340 vinoitur
865 2284 933 2356 ullo,
1044 2289 1048 2316 ¹

227 2361 321 2421 Nocte
336 2363 419 2420 boves
433 2362 531 2433 macru
542 2363 670 2436 lassoque
685 2363 812 2420 famelioa
826 2363 899 2422 eollo

228 2441 246 2498 J
249 2453 364 2499 umente
377 2441 412 2499 ad
428 2441 532 2500 virides
544 2441 628 2518 hujus
640 2443 786 2499 mittentur
800 2443 914 2512 aristas;

228 2521 292 2579 Neo
306 2519 383 2598 priris
398 2521 463 2577 inde
477 2521 602 2593 domum,
616 2521 701 2596 quem
715 2532 772 2578 tota
785 2521 896 2579 novalia
909 2541 997 2580 saevos

228 2599 264 2658 In
278 2613 388 2659 ventres
401 2601 513 2672 abeant,
529 2612 559 2657 ut
573 2603 672 2658 eredes
686 2601 805 2658 falcibus
817 2613 921 2660 notum.
1146 2668 1150 2676 ¹
1190 2645 1193 2661 .

228 2679 332 2736 Dioere
346 2680 391 2736 vix
404 2679 502 2753 possis,
517 2678 602 2754 qudm
615 2680 697 2738 multi
711 2681 777 2738 talia
790 2681 909 2756 plorent,
1163 2681 1219 2741 15⁰
1301 2725 1302 2730 1

228 2757 266 2814 Et
277 2770 346 2831 quot
360 2757 473 2814 venales
489 2757 591 2832 injuria
605 2759 702 2815 feeerit
715 2779 805 2834 agros

229 2837 286 2893 Sed
300 2837 348 2909 qui
365 2838 526 2892 sermonesl
547 2834 631 2910 qudm
646 2837 726 2893 foedae
742 2838 864 2894 buoeine
879 2838 981 2896 lamael

229 2915 310 2976 Quid
325 2925 409 2972 nocet
424 2915 499 2972 hoel
521 2915 620 2989 inquit.
646 2915 807 2972 Tunicam
822 2917 893 2974 mihi
905 2917 980 2976 melo
993 2918 1094 2994 lupini,

228 2993 328 3056 Quam
343 2995 366 3050 si
382 3013 427 3050 me
442 3005 500 3052 toto
514 2991 610 3052 laudet
623 2994 727 3052 vieinia
736 3015 820 3070 pago,

229 3073 334 3150 Exigui
347 3073 420 3131 ruris
432 3074 603 3150 paucissima
616 3073 689 3132 farre
701 3086 855 3132 sonantem.
1067 3077 1075 3087 ‘
1157 3077 1213 3136 155

230 3154 348 3212 Scilicet
361 3163 389 3210 et
405 3155 507 3212 morbis
520 3165 551 3211 et
562 3154 706 3214 debilitate
722 3155 841 3227 carebis,

152 3235 153 3240 ’
230 3233 268 3291 Et
281 3234 389 3290 luctum
403 3245 431 3291 et
445 3253 541 3290 eurem
555 3233 683 3310 effugies,
692 3245 721 3292 et
734 3248 859 3310 tempora
873 3235 937 3293 vitoe

230 3313 330 3388 Longe
343 3311 393 3370 tibi
406 3323 469 3388 post
483 3313 545 3368 haec
559 3313 615 3370 lato
628 3314 743 3372 meliore
757 3315 919 3386 dabuntur,›

231 3393 263 3450 Si
277 3403 386 3450 tontum
400 3391 469 3449 eulti
482 3391 557 3448 solus
570 3393 728 3469 possederis
742 3393 812 3469 egri,

230 3472 380 3532 Quantum
395 3470 448 3526 sub
462 3471 547 3528 Tatio
554 3471 675 3548 populus
688 3472 836 3530 Romanus
850 3473 954 3532 arabat.
1079 3473 1082 3480 '
1155 3473 1211 3533 16⁰

231 3549 301 3608 Mox
315 3551 400 3608 etiam
414 3550 508 3608 lreotis
522 3561 603 3607 etate
618 3569 652 3608 ae
664 3551 776 3610 Punioa
787 3551 876 3626 pessis

231 3629 343 3702 Proelia,
359 3629 400 3686 vel
415 3629 551 3704 Pyrrhum
565 3629 727 3701 immanem,
742 3631 903 3706 gladiosque
917 3631 1067 3706 Molossos,

232 3707 364 3769 Tandem
378 3727 428 3786 pro
441 3708 538 3764 multis
551 3708 596 3764 vix
607 3709 707 3786 jugere
721 3710 786 3766 bina
799 3711 939 3768 dabantur

232 3787 413 3845 Vulneribus.
454 3786 567 3844 Merces
580 3807 614 3844 ea
628 3789 774 3865 sanguinis
785 3799 869 3864 etque
884 3789 987 3848 laboris
1025 3816 1039 3849 r·

233 3865 327 3942 Nullis
337 3867 395 3924 visa
408 3885 531 3941 unquam
544 3867 650 3926 meritis
664 3869 764 3940 minor,
778 3879 827 3926 aut
837 3869 958 3946 ingratae
1154 3867 1207 3926 165
1224 3862 1227 3870 ’

231 3945 322 4004 Curta
334 3945 404 4002 fides
415 3946 522 4022 petriaet
563 3947 713 4005 Saturabat
725 3947 915 4024 glebulatnlis
