2628 4430
501 419 624 478 statim
642 421 716 478 vni.

472 639 630 708 sanine
653 645 739 708 VIII.

114 880 119 886 ⁵
151 799 327 865 Samias
342 806 411 882 quid
425 805 543 877 faciunt,
557 799 625 881 quid
639 807 763 882 prodest,
778 807 907 882 Pontiae,
920 807 1007 886 longo

111 885 264 962 Sanguine
278 884 400 956 oenseri,
413 885 559 960 pictosque
570 883 720 942 ostendere
735 886 827 944 vultus
838 929 853 958 ,

111 963 269 1040 Majorum,
283 974 314 1020 at
327 971 434 1020 stantes
448 963 477 1019 in
492 961 621 1020 curribus
636 961 815 1038 AEmilianos‚

114 1038 153 1100 Et
167 1039 273 1099 Curios
283 1041 343 1118 jam
358 1041 499 1114 dimidios,
514 1041 702 1115 humerosque
714 1042 850 1100 minorem

112 1120 283 1193 Corvinum,
297 1131 326 1177 et
339 1120 459 1176 Galbam
474 1119 607 1176 aurioulis
621 1138 745 1194 ramoque
759 1119 925 1180 carentemi

110 1199 190 1261 Quis
204 1198 316 1255 fruetus
329 1198 442 1273 generis
456 1195 555 1254 tabuld
565 1197 673 1273 jaotare
687 1199 787 1274 oapaoi

111 1277 282 1347 Corvinum,
296 1276 414 1352 posthae
427 1275 517 1334 multi
530 1275 695 1352 contingere
709 1277 788 1354 virgi

111 1355 256 1413 Fumosos
269 1355 396 1429 equitum
411 1373 476 1412 oum
492 1353 628 1412 dictatore
642 1357 801 1432 magistros,

111 1435 144 1492 si
159 1452 261 1492 eoram
276 1432 393 1508 Lepidis
407 1429 480 1490 maid
496 1433 618 1491 vivituri
658 1431 775 1510 Effigies
788 1429 846 1512 qud

111 1511 174 1571 Tot
187 1511 366 1582 bellatorum,
381 1512 405 1568 si
419 1511 525 1568 luditur
539 1511 601 1568 alea
614 1532 722 1588 pernox

111 1591 193 1649 Ante
208 1589 239 1646 N
241 1589 423 1648 amantinosl
444 1589 468 1646 si
482 1589 605 1647 dormire
621 1591 722 1666 incipis
735 1601 799 1649 ortu

112 1669 253 1740 Luciferi,
268 1687 325 1746 quo
339 1667 420 1742 signa
434 1668 523 1724 duoes
536 1679 565 1724 et
580 1681 674 1725 eastra
688 1669 857 1727 movebant?

111 1748 175 1806 Cur
189 1745 383 1822 Allobrogicis
396 1757 425 1806 et
435 1747 549 1822 magni
562 1747 685 1824 gaudeat
699 1748 748 1804 ard

112 1825 210 1886 Natus
225 1825 255 1884 in
270 1824 415 1883 Herculeo
429 1824 535 1882 Fabius
549 1825 617 1898 lure,
632 1826 655 1882 si
670 1826 801 1902 cupidus,
816 1827 840 1884 si

111 1905 228 1976 Vanus,
242 1914 273 1961 et
285 1901 424 1979 Euganea
438 1903 617 1982 quantumvis
631 1903 740 1962 mollior
754 1905 846 1982 agnd3

111 1980 148 2043 Si
162 1994 295 2042 tenerum
310 1981 421 2042 attritus
434 1981 582 2042 Catinensi
596 1984 710 2061 pumioe
724 1983 853 2043 lumbum

112 2062 288 2136 Squalentas
301 2060 425 2118 traducit
438 2079 514 2133 aros,
525 2073 688 2138 emptorque
703 2062 805 2120 veneni

113 2139 290 2216 Frangendd
304 2139 435 2198 miseram
450 2140 572 2198 funestat
586 2140 709 2215 imagine
723 2139 859 2216 gentemi

113 2217 194 2280 Tota
208 2216 277 2276 lioet
291 2228 400 2276 veteres
412 2230 551 2276 exornent
564 2218 690 2294 undique
704 2235 777 2276 oerae

113 2297 211 2368 Atria,
225 2295 357 2358 nobilitas
371 2295 430 2353 sola
443 2307 486 2354 est
501 2306 584 2372 atque
598 2295 685 2352 unioa
698 2296 794 2353 virtus.

115 2375 236 2448 Paulus,
251 2375 294 2432 vel
308 2373 425 2446 Cossus,
439 2375 483 2432 vel
498 2375 620 2447 Drusus,
634 2373 760 2432 moribus
773 2384 853 2434 esto:

114 2454 180 2516 Hos
196 2467 262 2516 ante
276 2452 384 2528 effigies
397 2453 536 2528 majorum
549 2473 622 2530 pone
636 2465 765 2511 tuorum:

115 2532 288 2592 Praecedant
301 2531 377 2608 ipsas
390 2529 440 2601 illi,
455 2539 483 2586 te
497 2531 633 2601 Consule,
648 2531 749 2607 virgas.

116 2611 215 2670 Prima
228 2609 298 2667 mibi
312 2609 400 2666 debes
414 2607 501 2667 animi
515 2607 597 2667 bona.
640 2609 764 2665 Sanetus
778 2607 886 2682 haberi,

116 2689 297 2763 iustitiaque
310 2698 396 2746 tenax
410 2686 490 2744 fantis
504 2685 643 2764 dictisque
658 2687 796 2744 mererisi

116 2761 256 2844 Agnosoo
269 2783 424 2846 properem.
467 2765 559 2839 Salve,
573 2764 723 2838 Gaetuliae,
738 2785 788 2824 seu
802 2775 833 2826 tu
946 2781 951 2786 ·

115 2847 245 2918 Silanus,
259 2861 428 2921 quoeunque
442 2843 497 2905 aiio
511 2845 546 2902 de
561 2845 716 2922 sanguinei
738 2863 818 2904 rarus

116 2925 198 2985 Civis
211 2935 241 2982 et
254 2922 386 3000 egregius
399 2923 496 3000 patrie
511 2924 657 3002 contingis
669 2925 774 2982 ovanti.

118 3003 290 3066 Exclamare
304 3001 381 3074 libet,
394 3002 516 3078 populus
529 3004 603 3078 quod
617 3004 731 3075 clamat,
745 3002 825 3080 Osiri

117 3083 249 3144 Invento.
289 3079 366 3142 Quis
379 3081 456 3139 enim
469 3097 639 3155 generosum
652 3080 754 3138 dixerit
768 3081 856 3152 huno,
868 3080 918 3156 qui

119 3161 263 3237 Indignus
289 3177 404 3236 genere,
419 3167 447 3214 et
460 3157 596 3234 praroiaro
609 3157 724 3224 nomine
738 3154 850 3213 tantbm

119 3239 268 3316 Insignisi
302 3236 420 3295 Nanum
435 3234 583 3311 eujusdam
599 3235 718 3295 Atlanta
731 3251 881 3303 vocamus3

119 3318 287 3394 AEthiopem
300 3333 440 3390 cycnum3
460 3331 575 3394 pravam
588 3322 782 3389 extortamque
796 3309 920 3389 puellam

119 3397 276 3474 Europen:
297 3394 417 3452 aanibus
430 3391 527 3470 pigris,
542 3392 693 3467 scabicque
707 3391 818 3450 vetusti.

120 3475 256 3545 Levibus,
270 3483 300 3530 et
313 3473 397 3530 sioaae
412 3470 603 3532 lambentibus
615 3489 666 3528 ora
679 3471 816 3544 luoeruae,

120 3549 238 3614 Nomen
251 3551 305 3609 erit
317 3550 431 3626 pardus,
445 3549 536 3625 tigris,
552 3547 607 3622 leo,
619 3549 642 3606 si
657 3549 725 3628 quid
739 3548 834 3610 adhuc
847 3557 900 3620 est,

119 3631 211 3700 Quod
222 3631 324 3690 fremat
337 3628 366 3686 in
380 3627 462 3688 terris
475 3627 633 3686 violentiis.
674 3625 752 3704 Ergd
767 3627 891 3700 carebis,

121 3711 161 3772 Et
176 3722 297 3780 metues,
313 3725 350 3764 ne
363 3717 394 3762 tu
408 3705 447 3762 ais
460 3705 593 3764 Creticus
606 3717 656 3763 aut
669 3705 847 3764 Camerinus.
1002 3771 1006 3780 ι

163 3788 219 3849 His
233 3806 287 3864 ego
300 3801 384 3863 quem
399 3783 518 3844 monuii
539 3795 634 3845 teoum
648 3795 691 3842 est
704 3783 774 3841 mihi
788 3801 890 3857 sermo,
905 3781 1023 3845 Rubelli

122 3867 241 3942 Blande.
282 3863 393 3926 Tumes
407 3863 462 3920 alto
476 3862 634 3922 Drusorum
647 3873 804 3936 stemmata,
819 3874 954 3939 tanquam
1034 3873 1036 3880 '
1071 3863 1111 3926 4⁰

8 3951 10 4014 i
123 3945 241 4008 Fereris
255 3943 314 4023 ipse
328 3941 444 4019 aliquid,
457 3953 570 4022 propter
583 3941 658 4019 quod
671 3941 774 4001 nobilis
788 3959 874 4016 esser,
