2646 4416
515 349 639 400 sarrai
656 309 705 402 ui.
868 379 875 393 ,
1057 361 1098 422 tt

112 489 207 566 Nigra
219 486 297 565 quod
312 490 406 550 iniusti
420 505 552 551 vanescat
564 493 643 568 sepia
655 492 790 568 lympbd}

112 567 227 627 Dilutas
241 569 368 644 queritur
381 569 510 644 geminet
522 568 599 645 quod
613 571 707 628 fistula
719 583 822 647 guttas

153 645 181 704 Ο
196 649 293 718 miser,
307 648 392 722 inque
405 648 467 706 dies
482 647 554 706 ultrd
567 650 669 706 miseri
692 651 814 708 buccine
827 670 921 710 rerum
1062 658 1098 716 15

10 748 14 789 :
114 725 279 784 Venimusl
301 736 329 782 at
343 744 393 782 our
408 745 465 784 non
479 725 583 802 potiris,
596 739 748 802 teneroque
762 729 895 804 palumbo

113 803 152 861 Et
166 804 269 861 similis
282 821 381 878 regum
395 805 499 878 pueris,
514 825 636 880 pappare
651 805 791 864 minutum

112 883 223 953 Poscis,
237 891 267 938 et
279 881 366 938 iratus
380 899 508 938 mammae
522 884 617 940 lallare
630 887 766 942 recusasl

155 960 224 1018 ‘Aa
237 960 286 1018 tali
300 960 429 1018 studeam
443 960 552 1020 calamo
562 963 582 1018 l’
606 961 662 1018 Cui
677 963 780 1020 verbal
800 963 867 1037 quid
882 963 951 1024 istac

114 1037 252 1096 Succiuis
262 1038 416 1112 ambagesl
437 1037 489 1096 tibi
502 1039 626 1097 luditur:
647 1039 738 1098 effluis
752 1061 859 1099 amens.
1056 1047 1097 1104 2⁰

113 1115 316 1186 Contemnere,
331 1126 412 1174 sonat
425 1115 523 1174 vitium
535 1137 679 1194 percussa,
690 1117 815 1196 maligne

7 1215 8 1270 j
115 1195 287 1271 Respondet
301 1195 381 1252 viridi
395 1212 452 1252 nou
467 1207 547 1252 cocta
561 1195 656 1254 fidelia
669 1197 760 1256 timos

7 1273 8 1310 i
115 1273 213 1331 Udum
226 1283 255 1330 et
268 1272 350 1330 molle
364 1272 455 1328 lutum
470 1292 510 1342 es,
525 1293 694 1332 nuncnunc
707 1277 911 1352 properandus,
925 1289 954 1338 et
967 1280 1025 1337 acri

116 1351 287 1428 Pingeudus
300 1351 362 1408 siue
375 1350 432 1408 fine
445 1351 514 1408 rott.
556 1353 613 1408 Sed
627 1373 692 1410 rure
706 1365 824 1430 patemo

115 1429 168 1486 Est
181 1429 233 1487 tibi
248 1429 288 1485 sur
302 1429 455 1500 modicum,
469 1445 570 1502 purum
583 1442 612 1488 et
625 1432 687 1490 siue
697 1433 760 1490 labe
775 1433 906 1507 salinum,
1056 1437 1097 1494 26

116 1507 213 1584 (Quid
228 1517 338 1564 metuas
348 1507 373 1586 l)
395 1505 555 1580 cultrixque
570 1507 623 1566 ioci
638 1529 738 1568 secura
751 1512 863 1586 patella.

115 1585 183 1643 Hoc
196 1582 288 1642 satlsl
308 1602 345 1640 au
359 1585 459 1642 deceat
471 1585 634 1658 pulmonem
648 1607 778 1663 rumpere
791 1591 891 1663 ventis,

116 1665 274 1720 stemmate
287 1659 363 1736 qubd
378 1661 478 1720 Tusco
491 1681 600 1719 ramum
614 1665 761 1723 millesimis
776 1667 867 1740 ducis,
906 1687 911 1698 ·

116 1742 315 1798 Censoremne
330 1752 409 1797 tuum
425 1741 467 1798 vel
482 1738 558 1814 qudd
572 1742 698 1800 trabeate
712 1745 840 1802 salutasl

116 1820 165 1878 Ad
178 1819 313 1896 populum
328 1818 477 1893 phaleras:
499 1837 552 1894 ego
566 1829 593 1876 te
607 1821 683 1877 intus
697 1833 725 1880 et
739 1823 769 1880 in
783 1835 849 1882 cute
862 1825 937 1882 novi.

115 1896 184 1956 Nou
198 1897 287 1972 pudet
301 1898 336 1952 ad
351 1914 457 1952 morem
472 1897 603 1954 discincti
618 1899 709 1956 vivere
723 1900 841 1959 Nattet

117 1973 176 2032 Sed
190 1985 283 2050 stupet
296 1974 342 2030 hic
356 1973 431 2043 vitio,
445 1985 474 2032 et
488 1973 564 2032 libris
577 1976 696 2034 increvit
708 1967 834 2052 opimum

115 2051 245 2128 Pingue:
266 2063 344 2110 caret
357 2052 459 2126 culpi:
480 2053 581 2123 nescit,
595 2055 661 2127 quid
675 2057 790 2129 perdat:
811 2067 849 2129 et,
864 2057 920 2117 alto

115 2129 281 2202 Demersus,
296 2129 407 2188 summai
421 2149 478 2188 non
492 2149 589 2187 rursus
603 2131 683 2189 bullit
696 2133 726 2188 in
740 2133 826 2190 unda.

155 2206 263 2284 Magne
277 2219 354 2284 pater
368 2207 474 2279 divrim,
487 2226 574 2266 saevos
587 2209 688 2282 punire
702 2220 835 2282 tyrannos
1056 2213 1095 2271 85

115 2285 203 2344 Haud
218 2287 394 2344 stitutione
409 2287 486 2358 velis,
501 2304 590 2360 quum¹
602 2286 663 2344 dira
675 2287 763 2344 libido

116 2361 238 2422 Moverit
251 2365 407 2440 ingenium,
423 2364 539 2422 ferventi
552 2365 641 2422 tincta
654 2385 773 2437 veneno,

115 2441 258 2500 Virtutem
273 2443 396 2513 videant,
411 2443 641 2517 intabescantque
655 2445 760 2502 relicta.

115 2521 202 2596 llatae
217 2518 308 2596 magis
323 2520 411 2578 Siculi
425 2531 596 2595 gemuerunt
610 2535 666 2576 aera
676 2521 801 2595 juvenci,

115 2599 177 2656 Aut
190 2596 281 2674 magis
294 2599 398 2656 auratis
412 2598 539 2674 pendeus
552 2597 730 2671 laquearibus
743 2600 821 2658 ensis
1056 2603 1095 2662 40

114 2675 276 2752 Purpureas
289 2676 384 2734 subter
398 2677 523 2734 cervices
537 2675 644 2746 terruit,
659 2678 741 2749 imus,
1075 2705 1081 2717 ’

114 2754 192 2812 Imus
201 2755 377 2830 precipites,
389 2752 475 2829 quarn
489 2755 512 2810 si
526 2753 580 2812 sibi
593 2755 679 2826 dicat,
693 2767 722 2814 et
732 2757 808 2814 intus

114 2831 224 2891 Palleat
237 2833 345 2904 infelix,
359 2834 434 2907 quod
449 2833 575 2908 proxima
588 2835 697 2892 nesciat
711 2837 800 2894 uxori

154 2911 238 2986 Saepe
251 2911 358 2981 oculos,
372 2911 498 2981 memini,
512 2911 664 2986 tangebam
675 2933 777 2988 parvus
789 2915 871 2988 olivo,
920 2937 924 2947 ·

113 2989 243 3046 Grandia
256 2988 279 3046 si
293 2988 396 3046 nollem
408 2989 533 3046 morituri
546 2990 630 3047 verba
643 2991 761 3049 Catonis
1055 2995 1095 3053 ts

113 3065 230 3138 Dicere,
244 3085 302 3124 nou
316 3086 386 3124 sanc
398 3065 518 3124 multllm
532 3067 674 3124 laudanda
687 3069 829 3143 magistro,

112 3145 190 3207 Quae
204 3154 283 3220 pater
297 3145 425 3202 adductis
439 3146 544 3202 sudans
558 3144 668 3200 audiret
681 3145 790 3201 amicis.

8 3271 9 3290 ,
113 3222 202 3280 Jure:
222 3222 329 3280 etenim
341 3223 369 3280 id
383 3224 535 3292 summum,
549 3222 616 3296 quid
630 3223 727 3279 dexter
741 3223 821 3280 senio
835 3223 929 3296 ferret,

114 3301 198 3362 Scire
211 3311 271 3358 erat
285 3301 314 3358 iu
328 3311 407 3359 voto:
428 3302 565 3358 damnosa
578 3299 709 3358 canicula
721 3299 860 3374 quantbm

113 3379 259 3438 Raderet:
280 3378 407 3454 auguste
420 3378 492 3438 collo
505 3397 563 3436 nou
578 3378 666 3436 fallier
680 3397 772 3436 orcae:
1054 3383 1096 3441 50

112 3456 180 3516 Neu
196 3457 259 3531 quis
272 3456 399 3516 callidior
410 3457 515 3514 buxum
529 3467 658 3531 torquere
667 3457 789 3533 flagello.

153 3534 244 3592 Ilaud
257 3535 307 3592 tibi
321 3535 498 3610 inexpertum
512 3553 611 3592 curros
625 3535 801 3610 deprendere
814 3555 916 3610 mores,

9 3639 10 3690 ᾗ
112 3615 246 3688 Quaeque
259 3613 343 3672 docet
356 3612 467 3688 sapiens
481 3613 619 3672 braccatis
632 3613 700 3671 illita
713 3613 808 3674 Medis

9 3733 10 3764 ,
112 3691 254 3763 Porticus,
269 3691 405 3749 insomnis
418 3691 520 3766 quibus
533 3703 562 3748 et
574 3692 692 3749 detonsa
702 3692 834 3768 juventus

9 3773 10 3804 i
113 3769 257 3846 Invigilat,
272 3767 379 3844 siliquis
392 3779 421 3826 et
433 3770 533 3844 grandi
546 3780 626 3845 pasta
638 3771 760 3846 polenta.
978 3807 987 3830 ι
1054 3774 1095 3834 66

114 3848 150 3906 lit
164 3848 226 3921 tibi,
241 3865 304 3923 qum
318 3847 429 3983 Sergios
442 3847 553 3906 diduxit
565 3848 657 3906 littera
670 3867 772 3931 ramos,
