2646 4416
192 378 204 411 a
505 362 628 412 samua
649 363 710 412 XV.
1054 361 1096 426 ὕ

101 505 247 566 Fortunae
263 505 369 564 invidia
381 516 426 563 est
440 505 630 582 bellorumque
644 505 751 579 ultima,
766 525 849 564 casus
1054 505 1094 566 96

99 585 248 657 Extremi,
263 585 355 662 longae
370 585 432 641 dira
444 585 598 644 obsidionis
611 597 729 662 egestas.

102 665 205 742 Hujus
219 665 308 735 enim,
322 665 397 738 quod
411 683 489 721 nunc
503 665 605 740 agitur,
619 665 779 722 miserabile
792 665 877 723 debet

100 744 280 820 Exemplum
293 763 355 800 esse
369 743 442 800 cibi:
463 744 536 802 sieut
549 742 633 802 modb
647 744 724 802 dicta
735 744 804 802 mihi
818 763 889 820 gens

102 823 175 881 Post
187 842 291 881 omnes
303 823 414 894 herbas,
428 835 490 898 post
503 836 608 880 cuncta
621 823 761 895 animalia,
775 825 910 900 quidquid

19 927 21 960 r
103 902 240 980 Cogebat
253 902 336 960 vacui
349 903 453 960 renuis
467 902 552 975 furor,
568 903 695 960 hostibus
708 904 775 978 ipsis
1037 893 1102 962 loe'

103 982 260 1054 Pallorem‚
274 1001 309 1039 ac
322 982 451 1054 maciem,
467 993 495 1039 et
508 993 608 1039 tenues
622 982 821 1040 miserantibus
834 993 920 1054 artus,

106 1061 244 1120 Membra
257 1061 349 1120 aliena
364 1061 438 1118 fame
450 1061 622 1133 lacerabant,
637 1081 699 1119 esse
712 1061 802 1137 parati

19 1193 21 1200 .
109 1140 142 1198 Et
157 1160 221 1198 sua.
263 1140 406 1202 Quisnam
421 1141 566 1198 hominum
582 1141 691 1198 veniam
705 1141 782 1212 dare,
797 1141 894 1216 quisve
907 1139 1025 1198 deorum

19 1219 20 1226 '
113 1219 229 1278 Viribus
244 1219 374 1277 abnuerit
389 1219 452 1276 dira
465 1231 547 1294 atque
562 1219 698 1276 immania
710 1220 810 1295 passis,

107 1299 144 1357 Et
158 1299 267 1375 quibus
281 1299 391 1356 illorum
406 1311 536 1374 poterant
550 1299 697 1374 ignoscere
714 1317 821 1371 manes,
1040 1299 1096 1355 105

106 1378 245 1440 Quorum
259 1379 422 1454 corporibus
436 1379 642 1436 vescebantur?
682 1376 788 1435 Melius
801 1397 854 1435 nos

108 1457 242 1516 Zenonis
255 1467 398 1533 praecepta
411 1467 545 1515 morrent:
566 1477 620 1514 nec
633 1457 711 1516 euim
724 1459 829 1528 omnia,
844 1455 973 1530 quiedam

109 1537 167 1595 Pro
179 1537 238 1594 virt
252 1535 385 1594 facienda
398 1548 484 1612 putat.
526 1537 584 1594 Sed
595 1536 738 1594 Cantaber
753 1537 829 1593 unde

19 1623 21 1652 l
115 1617 236 1686 Stoicus,
253 1616 362 1689 antiqui
375 1617 528 1690 praesertim
543 1625 624 1674 aetate
639 1615 771 1672 Metellil

116 1695 203 1752 Nunc
215 1705 289 1752 totus
302 1694 403 1756 Graias
417 1705 579 1768 nostrasque
594 1695 679 1750 habet
692 1694 768 1751 orbis
782 1694 919 1752 Athenas.

115 1773 207 1831 Gallia
219 1773 380 1830 causidicos
395 1773 491 1830 docuit
505 1773 628 1830 facunda
641 1773 808 1832 Britannos:

113 1852 158 1911 De
171 1852 362 1910 conducendo
374 1851 495 1926 loquitur
506 1851 566 1927 jam
580 1854 689 1910 rhetore
703 1852 807 1910 Thule.

112 1932 224 1990 Nobilis
235 1931 284 2000 ille
298 1942 392 1988 tamen
407 1927 534 2007 populus,
549 1951 633 2006 quem
648 1932 785 2002 diximus;
807 1943 836 1990 et
848 1951 899 2009 par

115 2011 224 2069 Virtute
239 2022 323 2084 atque
338 2009 403 2082 lide,
417 2012 465 2068 sed
480 2011 567 2086 major
581 2012 662 2068 clade
677 2011 821 2086 Saguntus

116 2091 184 2150 Tale
198 2090 269 2166 quid
283 2101 406 2146 excusat.
449 2089 581 2148 Meotide
595 2091 694 2147 saeriot
707 2091 755 2147 ard

118 2169 264 2247 AEgyptus.
305 2168 421 2243 Quippe
435 2169 483 2224 illa
497 2169 612 2224 nefandi
627 2167 755 2224 Taurica
768 2170 841 2225 sacri

117 2248 262 2306 lnrentrix
276 2247 404 2304 homines
420 2245 465 2324 (ut
475 2247 546 2322 jam,
560 2265 622 2320 quae
636 2248 762 2303 carmina
776 2248 899 2318 tradunt,

116 2327 211 2404 Digna
224 2327 280 2384 fide
295 2325 406 2404 credas)
417 2327 528 2384 tantum
544 2325 678 2396 immolat,
691 2325 808 2382 ulterius
823 2325 862 2382 nil

118 2407 173 2464 Aut
187 2405 303 2482 gravius
317 2405 408 2462 cultro
421 2405 502 2462 timet
517 2406 614 2462 hostia.
655 2404 717 2465 Qui
731 2402 815 2462 modb
830 2423 913 2461 casus

119 2484 232 2562 lmpulit
246 2485 318 2542 hosl
338 2502 400 2559 quae
415 2493 493 2540 tanta
506 2484 603 2553 fames,
619 2483 775 2558 infestaque
790 2483 861 2540 vallo

125 2565 204 2623 Arma
217 2567 377 2640 coegerunt
390 2573 448 2618 tam
463 2561 627 2618 detestabile
641 2573 798 2618 monstrum

126 2643 255 2702 Auderel
277 2642 363 2698 Anne
375 2640 471 2711 aliam,
485 2642 560 2698 terra
574 2639 761 2715 Memphitide
776 2640 863 2712 siccd,

125 2720 255 2780 Invidiam
272 2721 396 2778 facerent
408 2719 515 2777 nolenti
529 2739 643 2795 surgere
658 2718 747 2777 Nilot

122 2801 183 2864 uua
198 2819 254 2858 nec
268 2799 406 2858 terribiles
420 2797 538 2864 Cimbri.
553 2819 607 2856 nec
621 2799 753 2858 Britones
766 2818 901 2875 unquam,

118 2881 325 2938 Sauromataeve
340 2891 446 2948 truces,
458 2891 506 2936 aut
520 2879 656 2936 immanes
671 2881 833 2956 Agathyrsi,

115 2959 182 3020 Hac
197 2958 277 3016 saevit
290 2958 367 3014 rabie
382 2957 494 3014 imbelle
508 2969 536 3014 et
548 2959 647 3014 inutile
662 2960 771 3034 vulgus,

115 3037 236 3097 Parvula
249 3037 383 3094 fictilibus
398 3035 508 3092 solitum
523 3037 589 3092 dere
604 3037 665 3092 vela
678 3039 809 3111 phaselis,

116 3117 153 3176 Et
167 3117 300 3175 brevibus
313 3117 395 3193 pictae
410 3115 494 3171 remis
510 3115 672 3170 incumbere
686 3126 772 3170 testas.

115 3195 182 3256 Nec
195 3215 309 3274 poenam
323 3194 422 3252 sceleri
436 3193 571 3261 invenies,
586 3211 641 3248 neo
654 3193 740 3268 digna
753 3191 864 3266 parabis

116 3276 264 3353 Supplicia
278 3275 321 3332 his
334 3271 453 3350 populis,
468 3272 495 3327 in
511 3287 629 3346 quorum
644 3283 738 3328 mente
752 3289 833 3346 pares
847 3282 913 3327 sunt

115 3356 154 3414 Et
164 3355 273 3412 similes
287 3355 329 3412 ira
343 3365 426 3428 atque
441 3351 538 3408 fames.
582 3349 751 3407 Mollissima
764 3350 851 3407 corda

116 3434 257 3493 Humano
270 3432 368 3509 generi
381 3433 450 3488 dare
464 3447 494 3487 se
508 3441 610 3486 natura
624 3430 734 3502 fatetur,

115 3514 193 3576 Quae
206 3513 345 3588 lacrymas
358 3511 451 3566 dedit:
473 3511 534 3566 haeo
548 3510 635 3566 nostri
649 3528 712 3584 pars
725 3509 831 3584 optima
844 3507 952 3566 sensus.

116 3591 232 3652 Plomre
243 3587 311 3668 ergo
323 3589 403 3666 jubet
417 3607 515 3647 casum
529 3589 651 3664 lugentis
664 3589 757 3660 amici,

118 3671 338 3747 squaloremque
352 3667 403 3739 rei,
416 3667 553 3743 pupillum
566 3668 601 3726 ad
613 3667 676 3742 jura
689 3679 836 3726 vocantem
872 3672 876 3688 ‘

118 3749 410 3826 circumscriptorem,
425 3746 506 3822 cujus
520 3747 663 3804 manantia
677 3746 744 3804 fletu

118 3829 179 3888 Ora
191 3828 331 3907 puellares
346 3825 453 3884 faciunt
468 3826 577 3884 incerta
590 3826 693 3902 capilli.

19 3911 21 3974 l
119 3907 237 3968 Nature
251 3907 369 3985 imperio
381 3903 530 4041 gSemimus,
545 3925 631 3980 quum
645 3905 730 3964 sunus
744 3904 846 3964 adulta
