2646 4416
217 357 257 418 93
554 353 584 401 Δ.
603 351 715 400 sensu
733 349 856 400 nuncet

218 495 388 572 Surgentem
402 494 501 552 dextro
514 493 677 552 monstravit
690 492 778 550 limite
792 491 902 550 callem.
940 529 943 536 ι

218 573 319 632 Stertis
333 573 445 630 adhucl
466 571 616 646 laxumque
630 582 715 646 caput
725 589 861 646 compage
874 569 966 628 soluti

218 651 330 710 Oscitat
343 651 516 720 hesternum,
530 649 645 706 dissutis
656 649 782 723 undique
797 649 897 706 malisl

219 729 270 788 Est
284 728 389 804 aliquid
402 725 458 802 qud
473 728 575 798 tendis,
588 739 618 786 et
631 728 661 784 in
674 727 748 802 quod
762 727 860 802 dirigis
874 727 992 784 arcuml

219 809 267 866 An
281 807 383 882 passim
398 805 522 880 sequeris
536 823 634 862 corvos
648 805 776 878 testique
790 805 914 880 lutoque,

219 887 344 944 Securus
356 881 413 959 qud
426 903 476 960 pes
491 883 570 954 ferat,
584 893 666 958 atque
680 901 715 940 ex
728 894 852 958 tempore
866 875 954 940 vivisl

258 962 442 1020 Helleborum
458 959 569 1032 frustrd,
583 980 669 1036 quum
681 961 739 1036 jam
753 962 827 1018 cutis
840 979 916 1038 aegra
928 958 1058 1030 tumebit,

219 1039 372 1100 Poscentes
386 1040 498 1097 videas:
519 1040 641 1097 venienti
657 1040 798 1096 occurrite
809 1039 914 1096 morbo.

219 1119 258 1177 Elt
269 1120 337 1194 quid
346 1138 416 1194 opus
427 1119 545 1176 Cratero
559 1137 677 1193 magnos
690 1119 850 1193 promittere
864 1118 993 1174 montesl

219 1196 329 1256 Discite
354 1198 381 1255 io
404 1197 509 1268 miseri,
523 1207 551 1253 et
565 1215 666 1252 causas
680 1196 845 1272 cognoscite
853 1196 960 1252 rerum!

218 1275 299 1338 Quid
314 1295 420 1346 sumus,
434 1286 463 1332 et
475 1275 609 1349 quidnam
625 1275 724 1331 victuri
737 1274 899 1350 gignimurl
918 1274 988 1331 ordo

218 1353 295 1416 Quis
306 1354 398 1424 datus,
412 1364 462 1410 aut
474 1363 556 1410 metes
569 1350 654 1426 qudm
669 1352 760 1409 mollis
773 1351 871 1423 flexus,
884 1361 913 1408 et
926 1352 1022 1408 undel

218 1431 295 1493 Quis
309 1432 409 1488 modus
423 1431 562 1506 argentol
582 1431 650 1504 quid
666 1430 708 1486 fas
720 1432 838 1505 optaret
857 1430 925 1504 quid
941 1447 1022 1505 asper

219 1509 295 1567 Utile
309 1527 442 1566 nummus
456 1507 562 1566 habetl
586 1509 683 1582 patriae
698 1508 827 1581 carisque
840 1508 1004 1582 propinquis

218 1585 369 1650 Quantum
384 1586 496 1663 elargiri
511 1587 631 1644 deceat?
652 1604 734 1660 quern
749 1597 777 1643 te
790 1587 860 1642 deus
874 1603 937 1643 esse

219 1665 318 1734 lussit,
333 1677 361 1722 et
375 1664 500 1722 humani
513 1665 569 1738 qual
583 1675 661 1739 parte
675 1664 784 1720 locatus
794 1683 825 1720 es
839 1664 867 1720 in
882 1663 931 1721 rel

219 1743 322 1800 Disce:
344 1761 398 1798 nec
412 1742 548 1812 invideas,
561 1739 637 1815 qudd
652 1741 740 1798 multa
754 1741 847 1798 fidelia
859 1752 939 1817 putet

219 1817 254 1876 In
269 1819 408 1894 locuplete
421 1837 508 1892 penu,
523 1819 646 1876 delensis
659 1819 812 1892 pinguibus
825 1818 951 1890 Umbris,
990 1884 994 1888 ‚

219 1897 257 1954 Et
269 1897 357 1972 piper,
371 1906 400 1952 et
410 1914 515 1970 pernas,
530 1895 618 1950 Marsi
633 1907 816 1952 monumenta
829 1896 951 1967 clientis,

219 1973 370 2048 Maenaque
384 1970 460 2047 qudd
474 1973 565 2047 prima
578 1973 705 2028 nondum
719 1973 854 2030 defecerit
866 1973 943 2029 orci.

253 2045 318 2108 ¹Hic
332 2051 432 2125 aliquis
446 2050 482 2106 de
495 2061 580 2124 gente
594 2049 706 2106 hircoss
719 2050 919 2107 centurionum

139 2145 145 2151 ·
169 2179 171 2186 Α
218 2129 314 2201 Dicat,
328 2129 416 2190 Quod
431 2125 498 2185 satis
511 2138 563 2198 est,
578 2127 656 2202 sapio
670 2127 756 2184 mihi:
777 2147 835 2185 nou
849 2147 902 2204 ego
915 2145 985 2186 curo

151 2263 156 2276 ,
219 2207 300 2279 Esse,
314 2207 389 2281 quod
403 2205 548 2263 Arcesilas
563 2205 767 2280 erumnosique
781 2205 910 2277 Solones,

219 2285 340 2360 Obstipo
353 2284 455 2360 capite,
467 2295 496 2340 et
509 2283 628 2358 figentes
641 2283 747 2343 lumine
760 2294 873 2354 terram,

219 2362 368 2420 Murmura
380 2381 468 2436 quum
482 2379 580 2418 secum
593 2371 622 2417 et
634 2359 744 2418 rabiosa
757 2361 868 2418 silentia
881 2361 994 2432 rodunt,

220 2443 316 2516 Atque
329 2450 494 2515 exporrecto
509 2439 679 2496 trutinantur
693 2439 778 2496 verba
791 2439 902 2510 labello,

220 2519 332 2594 AEgroti
346 2518 447 2575 veteris
461 2517 629 2574 meditanter
643 2517 762 2588 somnia,
776 2517 855 2592 gigni

219 2597 265 2654 De
279 2596 367 2654 nihilo
380 2595 461 2666 nihil,
475 2595 504 2652 in
519 2595 640 2652 nihilum
654 2595 693 2651 nil
707 2615 789 2669 posse
802 2594 911 2652 reverti.

101 2681 106 2687 ”
220 2673 286 2731 Hoc
299 2684 351 2743 est,
367 2671 443 2745 qudd
457 2673 567 2746 pallesl
588 2673 715 2744 curquis
729 2691 786 2729 non
800 2673 947 2746 prandeat,
961 2671 1015 2728 hoc
1028 2671 1092 2728 estl
1163 2671 1204 2728 85
1314 2685 1315 2688 ’

220 2751 274 2806 llis
287 2750 408 2824 populus
421 2749 507 2805 ridet:
529 2746 704 2824 multumque
717 2759 809 2805 torosa
819 2749 952 2823 juventus

222 2827 255 2882 ln
276 2826 382 2882 eminat
395 2825 529 2882 tremulos
543 2843 612 2880 naso
626 2827 767 2900 crispante
781 2826 944 2883 cachinnos.

184 2977 185 2982 Ν
221 2845 1090 3056 altili:ttttlttllliltlltlllltttttffl'

755 3024 761 3036 ⁸
894 3027 901 3052 l
1001 3026 1009 3053 ί

219 3059 280 3120 Qui
295 3058 365 3115 dicit
379 3059 500 3131 medico,
512 3058 607 3134 jussus
621 3059 806 3134 requiescere,
817 3061 964 3134 postquam
1163 3060 1205 3117 9⁰
1314 3091 1315 3094 ¹

220 3135 321 3194 Tertia
334 3136 504 3211 compositas
518 3137 587 3194 vidit
600 3155 656 3194 nox
669 3155 782 3194 currere
796 3155 892 3209 venas,

220 3215 266 3277 De
279 3215 384 3290 majore
398 3215 483 3272 domo
496 3213 607 3272 modicd
622 3215 735 3272 sitiente
748 3215 861 3290 lagenis,

112 3287 116 3294 ’
221 3290 312 3350 Lenia
325 3293 416 3350 loturo
429 3292 483 3349 sibi
497 3294 666 3350 Surrentina
678 3294 794 3368 rogavit.

222 3371 303 3428 Heus
316 3371 401 3441 bone,
414 3380 445 3426 tu
458 3369 554 3444 palles.
597 3370 694 3428 ‘Nihil
708 3373 768 3428 est.¹
809 3370 917 3427 Videas
924 3380 1019 3429 tamen
1034 3371 1121 3444 istud,
1142 3371 1150 3379 ”

220 3447 369 3524 Quicquid
382 3447 410 3506 id
424 3457 486 3503 est:
507 3447 595 3522 surgit
610 3447 695 3506 tacite
709 3449 760 3506 tibi
773 3448 849 3504 lutea
862 3448 950 3522 pellis.
1163 3451 1205 3508 95

222 3528 281 3584 ‘At
293 3537 324 3583 tu
338 3522 462 3582 deterius
475 3526 579 3600 palles:
600 3545 637 3584 ne
651 3527 690 3582 sis
703 3527 773 3583 mihi
786 3536 877 3582 tutor:
1314 3523 1315 3546 ¹

222 3602 240 3658 J
244 3623 288 3660 am
302 3603 410 3678 pridem
424 3603 507 3659 hunc·
515 3602 619 3678 sepeli:
641 3616 672 3661 tu
686 3605 791 3661 restas!
833 3601 933 3678 Perge,
947 3601 1048 3660 tacebo

222 3680 370 3755 'l¹urgidus
384 3680 431 3736 hic
444 3680 544 3756 epulis,
560 3693 642 3755 atque
657 3682 721 3739 albo
733 3692 839 3752 ventre,
853 3680 971 3752 lavatur,

221 3758 344 3815 Gutture
357 3757 495 3814 sulfureas
508 3756 585 3817 lentd
599 3760 748 3816 exhalante
762 3759 908 3834 mephites.

223 3835 288 3892 Sed
294 3847 398 3894 tremor
412 3835 486 3894 inter
500 3836 565 3894 vina
575 3838 661 3909 subit,
674 3837 853 3910 calidumque
867 3834 976 3893 triental
1148 3835 1205 3894 100
