2628 4430
126 359 147 424 a
330 325 340 344 “
439 361 470 410 n.
487 359 584 410 sunu
601 358 806 410 sursulus.

128 505 187 562 Sed
209 502 320 576 melius,
333 500 409 578 quod
424 505 463 561 nil
478 502 580 562 animis
594 504 624 563 in
638 525 756 582 corpora
767 501 839 579 juris

127 583 238 641 Natura
252 583 388 657 indulget.
430 583 546 639 Steriles
560 585 728 656 moriuntur,
741 593 770 641 et
783 581 838 639 illis

127 657 259 737 Turgida
273 679 330 721 non
344 661 458 736 prodest
471 661 587 719 condia
601 663 705 738 pyxide
719 661 809 738 Lyde,

127 740 193 798 Nec
207 741 321 815 prodest
335 739 401 814 agili
416 740 525 814 palmas
537 741 664 815 praebere
676 742 816 817 Luperco.

166 819 246 876 Vicit
258 829 287 876 et
298 819 355 874 hoo
368 829 525 874 monstrum
539 820 659 878 tunicati
674 819 785 876 fuscina
798 816 935 888 Gracchi,

127 896 323 972 Lustravitque
337 897 404 972 lugd
419 897 541 953 mediam
555 897 692 972 gladiator
708 915 834 968 arenam,

127 975 165 1033 Et
178 975 346 1051 Capitolinis
359 975 533 1050 generosior,
546 986 576 1032 et
590 973 745 1048 Marcellis,

127 1051 166 1112 Et
179 1054 299 1126 CatuliS,
313 1053 450 1128 Paulique
471 1054 638 1128 minoribus,
652 1067 681 1112 et
696 1054 803 1124 Fabiis,
816 1062 847 1110 et

127 1133 270 1190 Omnibus
284 1133 320 1190 ad
334 1133 450 1208 podium
465 1133 666 1208 spectantibus.
709 1129 764 1190 His
778 1133 846 1189 licet
860 1129 953 1208 ipsum

128 1212 300 1284 Admoveas,
315 1212 397 1286 cujus
411 1223 481 1268 tuno
495 1227 613 1268 munere
626 1212 697 1269 retia
712 1211 796 1268 misit.
857 1274 859 1278 ¹

166 1289 237 1347 Esse
253 1290 357 1366 aliquid
372 1288 484 1359 Manen,
498 1299 527 1345 et
540 1289 724 1358 ¹subterranea
738 1307 837 1366 regna,

128 1367 165 1425 Et
178 1379 305 1440 contum,
320 1380 349 1425 et
363 1367 462 1442 Stygio
475 1385 558 1423 ranas
571 1369 601 1425 in
616 1369 728 1444 gurgite
742 1368 847 1443 nigras,

127 1447 222 1522 Atque
237 1450 295 1504 onai
309 1447 428 1504 transire
442 1445 543 1502 vadum
558 1457 599 1503 tot
613 1447 700 1503 millia
713 1447 826 1521 cymba,
890 1519 893 1526 Δ

126 1524 191 1582 Nec
205 1527 284 1602 pueri
299 1527 429 1596 creduut,
443 1523 498 1580 nisi
512 1525 560 1598 qui
574 1526 700 1582 nondum
715 1545 771 1582 aere
788 1525 925 1581 lavantur.

128 1605 185 1660 Sed
200 1615 231 1660 tu
246 1625 310 1662 vera
323 1618 399 1680 puta.
431 1603 536 1659 Curius
549 1604 616 1678 quid
632 1605 726 1676 sentit,
741 1615 770 1660 et
783 1603 867 1660 ambo

128 1683 289 1758 Scipiadael
310 1683 377 1758 quid
393 1681 552 1752 Fabricius,
569 1701 721 1758 manesque
733 1682 870 1740 camilli?

126 1761 208 1822 Quid
223 1761 365 1818 Cremerae
379 1761 463 1836 legio,
477 1771 506 1816 et
520 1760 629 1817 Cannis
644 1772 811 1836 consumpta
823 1761 967 1836 juventus,

127 1837 186 1897 Tot
200 1840 336 1898 bellorum
351 1839 465 1910 animae,
479 1839 589 1912 quoties
603 1840 670 1895 hinc
685 1839 748 1896 talis
762 1840 797 1895 ad
812 1839 874 1896 illos

126 1917 235 1976 Umbra
248 1920 346 1976 venitl
385 1919 532 1992 Cuperent
546 1917 669 1990 lustrari,
684 1919 707 1974 si
721 1935 777 1992 qua
791 1919 925 1974 darentur

127 1997 243 2054 Sulsura
257 2017 323 2054 cum
337 1997 427 2067 taedis,
442 2007 470 2053 et
484 1996 507 2052 si
523 1995 593 2054 soret
607 1997 725 2068 humida
739 1998 842 2054 laurus.

127 2076 210 2148 Illuc,
225 2077 296 2133 heu!
320 2075 414 2132 miseri
428 2075 611 2132 traducimur.
653 2077 744 2133 Arma
756 2075 871 2151 quidem
883 2075 957 2134 ultra

126 2154 236 2212 Littera
250 2154 268 2210 J
271 2175 384 2212 uvernra
398 2153 599 2230 promovimus,
616 2166 645 2212 et
658 2153 743 2212 modb
757 2166 856 2230 captas

126 2231 265 2305 Onoadas,
277 2254 311 2291 ac
323 2233 440 2290 minimo
454 2244 603 2296 contentos
617 2245 702 2292 nocte
712 2233 880 2292 Britannos:

127 2313 185 2369 Sed
199 2332 262 2387 quae
277 2331 355 2370 nunc
369 2311 464 2388 populi
478 2311 551 2368 liunt
564 2311 679 2370 victoria
693 2313 722 2370 iu
737 2313 816 2384 urbe,

127 2389 194 2449 Non
209 2391 317 2449 faciunt
336 2391 386 2462 illi,
400 2409 470 2466 quos
483 2389 653 2449 vicimus.-

480 2571 761 2586 w*

502 2707 659 2765 sunum
681 2691 738 2765 iu.

165 2863 309 2926 QUAMVIS
324 2865 453 2941 digressu
468 2865 570 2922 veteris
583 2865 718 2922 confusus
732 2864 827 2938 amici,

126 2943 227 3001 Laudo
240 2953 346 3016 tamen,
360 2945 458 3001 vacuis
471 2941 546 3018 qudd
562 2945 659 3002 sedem
673 2944 760 3020 figere
774 2944 875 3002 Cumis

127 3019 268 3094 Destinet,
284 3033 367 3098 atque
383 3041 470 3080 unum
485 3023 577 3079 civem
592 3023 698 3080 donare
713 3023 836 3098 Sibyllae.

127 3101 145 3158 J
148 3121 223 3158 anua
234 3097 366 3158 Baiarum
381 3114 433 3174 est,
449 3113 478 3159 et
491 3114 601 3179 gratum
614 3103 691 3159 littus
705 3103 809 3160 amoeni

128 3180 273 3238 Secessris.
315 3177 378 3256 Ego
392 3183 434 3238 vel
450 3181 618 3257 Prochytam
632 3200 766 3257 praepono
777 3183 905 3240 Suburae.
1092 3181 1115 3241 ὅ
1207 3181 1210 3186 ’

127 3259 284 3334 Numquid
300 3271 357 3316 tam
373 3261 517 3332 misorum,
533 3273 590 3317 tam
605 3261 694 3317 solum
710 3260 840 3333 vidimus,
852 3269 883 3316 ut
895 3277 954 3318 non

128 3337 262 3415 Deterius
273 3339 373 3395 credas
388 3341 501 3397 horrere
513 3340 656 3410 incendia,
670 3340 765 3415 lapsus
804 3349 807 3354 ’

128 3415 284 3474 Tectorum
299 3417 438 3492 assiduos,
454 3437 487 3476 ac
501 3419 577 3475 mille
591 3419 717 3494 pericula
731 3437 810 3474 saevae

128 3495 223 3567 Urbis,
238 3507 266 3553 et
280 3497 413 3572 Augusto
426 3499 579 3556 recitantes
593 3517 690 3554 menso
705 3498 825 3574 poetasl

129 3576 187 3632 Sed
199 3576 265 3631 dum
280 3586 338 3634 tota
349 3577 449 3634 domim
464 3577 552 3634 rhedd
566 3577 744 3652 componitur
758 3575 827 3647 und,
1077 3573 1114 3635 10

129 3654 261 3710 Substitit
275 3655 310 3710 ad
325 3667 434 3712 veteres
447 3673 530 3712 arcus
545 3656 742 3730 madidamque
758 3655 914 3731 Capenam.

129 3731 199 3803 Hic,
214 3731 262 3788 ubi
277 3745 424 3794 nocturne
439 3735 538 3792 Numa-
550 3735 741 3810 constituebat
754 3734 864 3807 amicae,

129 3810 218 3867 Nunc
233 3812 306 3867 sacri
321 3812 521 3870 sontisnemas
535 3825 564 3870 et
577 3813 695 3870 delubra
708 3812 838 3871 locantur

129 3887 147 3946 J
150 3888 248 3959 udaeis,
262 3908 380 3963 quorum
395 3892 534 3966 cophinus
549 3891 711 3965 frenumque
723 3892 858 3968 supellex,
