2628 4430
508 369 631 420 sattim
649 373 697 421 111.

104 513 238 572 Perdidit
251 513 350 570 infelix
364 523 454 571 totum
468 514 537 572 nihil
551 533 556 571 :
579 515 695 572 ultimus
709 527 802 574 autem

106 593 262 650 AErumnae
278 593 417 664 cumulus,
431 591 507 667 qubd
521 595 640 666 nudum,
655 607 684 652 et
698 595 785 652 frusta
799 607 946 672 rogantem
1030 668 1034 676 Ι

106 673 207 730 Nemo
221 673 296 742 cibo,
311 691 395 730 nemo
408 673 536 748 hospitio,
551 685 688 752 tectoque¹
699 675 815 750 juvabit.

107 753 139 809 Si
155 771 264 827 magna
285 752 396 810 Asturii
419 753 523 809 cecidit
537 754 653 810 domus:
675 755 788 812 horrida
801 767 900 828 mater,

106 831 216 888 Pullati
231 849 371 906 proceres,
386 830 478 888 differt
492 832 651 890 vadimonia
665 847 773 909 praetor.
1034 837 1090 896 195

105 910 198 968 Tunc
212 909 353 985 gemimus
367 929 449 967 casus
463 910 557 982 Urbis,
571 923 640 968 tunc
653 914 765 970 odimus
779 914 883 989 ignem.

108 991 203 1046 Ardet
218 989 320 1060 adhuc,
335 989 430 1066 etjam
444 992 576 1062 accurrit,
590 990 637 1065 qui
652 1011 791 1050 marmora
804 995 900 1067 donet,

108 1069 247 1126 Conferat
262 1067 412 1143 impensas.
455 1069 513 1126 Hic
526 1071 604 1128 nuda
615 1080 643 1128 et
656 1072 780 1128 candida
794 1073 886 1148 signa,

107 1148 168 1206 Hic
184 1146 290 1222 aliquid
305 1149 472 1224 praeclarum
486 1147 679 1224 Euphranoris
693 1163 722 1208 et
735 1151 881 1226 Polycleti,

107 1227 183 1286 Haeo
198 1228 371 1286 Asianorum
386 1239 481 1284 vetera
494 1241 662 1286 ornamenta
676 1231 802 1303 deorum,

107 1307 168 1364 Hic
181 1307 267 1365 libros
281 1307 369 1380 dabit,
383 1318 412 1364 et
426 1307 538 1378 forulos,
553 1309 730 1383 mediamque
745 1309 914 1386 Minervam,
953 1331 958 1339 ’

108 1387 169 1444 Hic
182 1387 309 1444 modium
324 1387 441 1461 argenti.
484 1385 604 1444 Meliora
617 1407 650 1444 ac
664 1389 744 1464 plura
758 1392 867 1466 reponit

109 1467 243 1524 Persicus
256 1466 386 1524 orborum
400 1466 571 1523 lautissimus
584 1477 612 1522 et
625 1465 725 1524 meritd
738 1469 795 1544 jam

110 1547 278 1622 Suspectus
293 1555 428 1620 tanquam
444 1547 503 1620 ipse
518 1565 583 1603 suas
597 1547 756 1605 incenderit
771 1550 853 1606 aedes

109 1627 143 1682 Si
156 1637 236 1702 potes
250 1624 331 1682 avelli
346 1625 540 1696 Circensibus,
554 1625 660 1700 optima
676 1627 763 1698 Sorte,

100 1706 173 1762 'Aut
186 1704 356 1762 Fabrateriae
370 1705 480 1775 domuS,
495 1715 543 1761 aut
557 1705 717 1762 Frusinone
731 1717 854 1781 paratur,

109 1785 221 1846 Quanti
236 1803 315 1842 nunc
328 1784 460 1840 tenebras
475 1803 563 1840 unum
579 1785 716 1842 conducis
731 1786 761 1842 in
776 1805 891 1845 annum.

109 1864 248 1922 Hortulus
261 1863 319 1934 hie,
333 1873 488 1938 puteusque
503 1863 604 1935 brevis,
619 1884 673 1922 nec
688 1877 761 1922 reste
775 1869 940 1940 movendus,

108 1943 144 2000 In
159 1955 260 2001 tenues
273 1943 383 2019 plantas
397 1943 471 2000 sacili
486 1944 650 2000 diffunditur
664 1945 773 2003 haustu.

108 2023 181 2081 Vive
196 2023 317 2080 bidentis
333 2041 439 2093 amans,
454 2034 482 2080 et
496 2023 563 2080 culti
578 2023 689 2080 villicus
704 2025 792 2094 horti3

108 2103 193 2160 Unde
207 2103 321 2178 epulum
336 2103 425 2176 possis
440 2113 553 2158 centum
568 2105 635 2160 dare
650 2103 841 2180 Pythagoreis.

108 2183 160 2240 Est
174 2182 290 2256 aliquid,
305 2200 473 2256 quocunque
488 2182 560 2252 loce,
574 2201 741 2257 quocunque
756 2203 879 2256 recessu,

108 2263 201 2320 Unius
215 2281 277 2318 sese
291 2260 437 2319 dominum
453 2260 553 2317 fecisse
567 2261 687 2318 lacertae.

146 2342 291 2400 Plurimus
306 2339 354 2398 hic
368 2360 441 2416 aeger
456 2343 572 2398 moritur
586 2341 746 2416 vigilando:
768 2343 818 2400 sed
833 2343 911 2401 illum

110 2422 288 2496 Languorem
302 2420 411 2496 peperit
424 2421 504 2477 cibus
519 2422 707 2496 imperfectus,
722 2433 750 2478 et
764 2424 873 2481 haerens

114 2503 229 2560 Ardenti
243 2501 396 2558 stomacho.
439 2499 517 2555 Nam
530 2519 592 2573 quae
607 2501 748 2557 meritoria
762 2522 891 2560 somnum

118 2581 295 2638 Admittuntl
317 2579 431 2652 Magnis
445 2579 545 2653 opibus
559 2578 694 2634 dormitur
709 2580 738 2635 in
753 2579 845 2638 Urbe:

117 2659 179 2718 Inde
191 2669 280 2736 caput
292 2659 391 2717 morbi.
433 2657 600 2714 Rhedarum
616 2659 749 2715 transitus
763 2671 839 2719 arcto

116 2739 244 2798 Vicorum
257 2741 286 2798 in
299 2739 421 2812 flexu,et
431 2740 530 2795 stantis
544 2737 673 2796 convicia
686 2741 812 2798 mandrae

110 2819 236 2897 Eripient
249 2837 379 2876 somnum
393 2817 496 2889 Druso,
511 2819 658 2893 vitulisque
673 2821 796 2878 marinis,

110 2901 139 2957 Si
152 2911 236 2958 vocat
248 2899 382 2969 officium,
396 2899 478 2955 turbt
493 2899 612 2956 cedente
627 2901 743 2957 vehetur

109 2979 203 3051 Dives,
217 2990 247 3036 et
261 2979 369 3054 ingenti
382 2989 476 3034 curret
490 2997 572 3052 super
586 2999 635 3036 ora
649 2979 784 3052 Liburno,

109 3062 202 3134 Atque
216 3059 306 3117 obiter
320 3057 403 3133 leget,
420 3069 468 3114 aut
478 3059 591 3128 scribet,
604 3057 646 3113 vel
662 3059 781 3116 dormiet
796 3059 889 3130 intus;
962 3111 964 3116 Α

109 3139 239 3213 Namque
254 3137 320 3194 facit
334 3153 465 3194 somnum
479 3136 576 3192 clausa
590 3137 691 3192 lectica
705 3137 828 3193 fenestre

109 3215 186 3276 Ante
200 3230 296 3276 tamen
310 3215 422 3273 veniet:
444 3215 525 3272 nobis
538 3215 751 3288 properantibus
766 3215 858 3274 obstat

109 3299 192 3357 Unda
204 3297 278 3373 prior
291 3315 297 3352 ε
320 3313 422 3370 magno
435 3293 554 3370 populus
567 3293 668 3368 premit
682 3293 794 3369 agmine
808 3295 928 3370 lumbos,

108 3379 167 3440 Qui
182 3377 314 3452 sequitur.
355 3375 435 3432 Ferit
451 3375 497 3430 hic
511 3373 615 3444 cubito,
631 3373 694 3440 ferit
708 3392 801 3431 assere
815 3375 887 3434 duro

110 3458 189 3514 Alter
201 3477 208 3524 ;
229 3466 258 3513 at
268 3455 315 3512 hic
329 3455 439 3528 tignum
453 3453 538 3529 capiti
552 3453 663 3524 incutit,
679 3452 725 3510 ille
740 3465 895 3512 metretam.

110 3536 233 3612 Pinguia
245 3553 328 3592 crura
341 3533 409 3605 luto,
423 3533 520 3608 plantat
534 3551 600 3589 mox
615 3533 738 3607 undique
752 3534 857 3609 magnit

109 3616 220 3688 Calcor,
235 3624 263 3672 et
277 3613 306 3671 in
321 3612 409 3687 digito
423 3613 520 3669 olavus
534 3612 603 3668 mihi
625 3611 721 3670 militis
735 3614 830 3672 haeret.

147 3694 255 3753 Nonne
266 3695 355 3764 vides,
370 3702 473 3766 quanto
487 3693 647 3749 celebretur
661 3693 784 3767 sportula
798 3694 895 3754 sumol

110 3775 234 3833 Centum
248 3773 389 3832 convivae:
410 3771 535 3846 sequitur
549 3791 600 3830 sua
611 3791 750 3846 quemque
765 3774 869 3832 culina.

110 3854 232 3913 Corbulo
245 3853 292 3910 vix
305 3852 389 3909 ferret
402 3861 442 3908 tnt
454 3869 521 3908 vasa
533 3851 669 3926 ingentia,
684 3862 724 3910 tot
737 3871 782 3908 res

110 3933 259 4012 Impositos
272 3931 367 4008 capiti,
382 3949 451 4005 quas
465 3941 542 3989 recto
556 3932 660 3988 vertice
674 3941 765 4008 portat
