2628 4430
574 369 698 420 SthRA
716 369 750 418 11.

142 539 143 542 ¹
166 514 309 573 Attollens
322 514 437 572 oculos:
457 514 545 572 vitreo
560 513 630 570 bibit
644 514 691 570 ille
706 512 817 588 Priapo,

166 594 389 668 Reticulumque
403 593 492 650 comis
506 603 634 650 auratum
651 592 815 667 ingentibus
828 589 935 668 implet,

166 673 298 730 Caerulea
311 673 427 728 indutus
442 671 592 741 scutulata,
607 682 656 728 aut
669 671 791 746 galbana
804 689 878 742 rasa,

166 751 206 810 Et
217 771 267 826 per
281 749 425 807 Junonem
441 749 568 806 domini
558 761 671 824 Jurante
686 749 823 806 ministro.

166 830 219 886 Ille
233 841 311 886 tenet
325 828 483 904 speculum,
496 828 603 904 pathici
617 838 763 902 gestamen
782 825 916 900 Othonis,

167 909 281 966 Actoris
297 906 429 964 Aurunci
444 907 574 994 spolium,
588 925 644 980 quo
657 926 687 962 se
701 905 749 962 ille
763 906 877 962 videbat

167 989 329 1056 Armatam,
344 1005 430 1060 quum
443 985 501 1060 jam
517 985 575 1042 tolli
590 985 691 1040 vexilla
702 984 821 1059 juberet„

166 1067 228 1134 Res
242 1064 425 1120 memoranda
438 1064 517 1120 novis
531 1063 681 1120 annalibus
683 1074 788 1138 ‚atque
802 1062 910 1120 receuti

168 1127 296 1200 Historia
300 1143 468 1232 ,speculam
483 1141 575 1198 civilis
589 1141 702 1198 sarcina
715 1141 790 1198 belli.

167 1209 313 1278 Nimirum
327 1240 430 1277 sumrnr
423 1221 527 1276 'ducis
541 1232 584 1276 est
596 1219 729 1276 occidere
743 1219 875 1309 Galbam,

167 1300 313 1356 Etcurare
323 1309 431 1367 cutem;
441 1299 545 1354 summi
559 1297 720 1356 constantia
733 1297 803 1354 civis

167 1377 299 1434 Bebriaci
327 1397 429 1452 cumpo
457 1376 579 1451 spolium
606 1377 740 1434 affectare
755 1375 856 1446 Palati,

166 1455 204 1512 Et
217 1473 347 1543 pressum
359 1455 388 1510 in
404 1455 505 1510 faciem
519 1455 614 1530 digitis
628 1456 781 1512 extendere
795 1473 917 1530 paoem:

165 1534 254 1596 Quod
269 1553 324 1590 nec
339 1533 367 1589 in
382 1533 500 1607 Assyrio
513 1534 674 1608 pharetrata
689 1533 856 1590 Semiramis
869 1533 948 1604 orbe,

167 1611 271 1668 Moesta
286 1631 340 1668 nec
355 1611 477 1668 Actiacis
492 1612 559 1668 lecit
570 1611 720 1686 Cleopatra
733 1611 839 1668 cariat.

166 1691 226 1748 Hic
241 1691 335 1746 nullus
348 1691 441 1746 verbis
454 1691 554 1765 pudor,
570 1702 619 1747 sut
633 1683 789 1748 reverentia
802 1709 919 1748 meuse.

167 1769 227 1826 Hic
241 1769 331 1844 turpis
346 1769 468 1857 Cybeles
481 1779 510 1826 et
525 1769 614 1826 fracta
630 1788 697 1826 voce
711 1769 844 1842 loquendi

166 1847 306 1919 Libertas,
321 1859 350 1904 et
363 1847 442 1904 crine
457 1867 544 1904 senex
559 1848 698 1904 fanaticus
712 1848 777 1904 albo

167 1927 321 1984 Sacrorum
336 1925 464 1996 antistes,
478 1945 572 1982 rarum
586 1946 620 1983 ac
637 1925 817 1984 memorabile
831 1927 929 2002 magni

166 2005 297 2063 Gutturis
311 2005 484 2080 exemplum,
499 2006 759 2080 conducendusque
774 2006 915 2080 magister.
949 2034 952 2039 ·

166 2084 249 2146 Quid
263 2095 359 2141 tamen
372 2095 547 2158 exspectant,
563 2083 685 2158 Phrygio
696 2104 765 2158 quos
779 2097 891 2160 tempus
904 2095 965 2142 erat
975 2084 1035 2160 jam

167 2161 249 2220 More
263 2181 465 2239 supervacuam
481 2163 578 2220 cultris
592 2163 759 2238 abrumpere
773 2165 912 2220 carneml

206 2242 426 2318 Quadrinuenta
440 2242 523 2299 dedit·
532 2242 681 2298 Gracchus
695 2242 833 2313 sestertia
848 2242 942 2298 dotem
1101 2241 1159 2300 1⁰0

167 2320 334 2388 Cornicini3
357 2321 416 2377 sive
432 2321 478 2376 hic
493 2332 572 2377 recto
586 2334 747 2378 cautarerat
762 2340 824 2380 aere.

167 2401 293 2475 Signatae
304 2400 423 2456 tabule:
445 2400 552 2456 dictum
567 2398 748 2456 Feliciterl
741 2419 843 2475 ingens

152 2477 258 2536 'Coena
273 2479 371 2534 sedet:
393 2479 502 2553 gremio
513 2478 603 2552 jacuit
618 2497 689 2533 nova
702 2490 789 2553 nupta
803 2477 905 2534 mariti.

167 2557 195 2614 Ο
209 2575 349 2632 proceres,
364 2576 482 2613 censore
496 2573 567 2644 opus
580 2567 623 2610 est
637 2575 674 2611 an
690 2556 839 2630 haruspice
854 2556 958 2612 nobisl

168 2636 286 2692 Scilicet
301 2637 438 2706 horreres,
454 2635 614 2710 majoraque
629 2647 754 2691 monstra
767 2645 891 2710 putares,

168 2715 201 2772 Si
216 2715 316 2771 mulier
331 2714 449 2771 vitulam
475 2715 517 2770 vel
533 2713 556 2770 si
573 2715 621 2770 bos
636 2714 734 2772 ederet
748 2715 878 2790 agnuml

168 2795 333 2870 Segmenta‚
348 2803 377 2850 et
391 2793 490 2868 longos
504 2793 626 2864 habitus,
641 2805 669 2850 et
684 2792 814 2850 flammea
827 2794 924 2868 sumit3

168 2874 286 2930 Arcano
300 2872 348 2947 qui
362 2890 443 2928 sacra
458 2872 550 2928 serens
564 2873 693 2929 nutantia
707 2873 766 2930 loro

169 2953 289 3009 Sudavit
303 2951 409 3026 clypeis
423 2951 571 3008 ancilibus.
613 2952 641 3008 Ο
656 2965 736 3028 pater
751 2951 855 3024 Urbiss

169 3031 253 3088 Unde
268 3031 348 3087 nelas
362 3040 470 3086 tanturn
488 3030 577 3088 Latiis
591 3031 769 3104 pastoribusl
791 3031 867 3088 unde
967 3061 972 3069 ·

168 3110 241 3167 Haec
255 3109 356 3185 tetigit,
370 3109 503 3196 Gradive,
518 3119 581 3164 tuos
595 3108 685 3167 urtica
699 3118 816 3182 nepotes
829 3109 841 3165 'l

168 3189 305 3246 Traditur*
320 3207 389 3245 ecce
404 3185 463 3244 viro
474 3153 567 3242 clarus
582 3205 687 3260 genere
702 3197 785 3260 atquc
799 3187 940 3260 opibus
915 3205 979 3246 vir:

169 3269 233 3326 Nec
247 3268 356 3344 galeam
370 3284 496 3355 quassas,
511 3283 565 3322 nec
579 3275 681 3322 terram
696 3264 814 3340 cuspide
827 3265 933 3356 pulsas,

168 3347 198 3404 N
200 3367 235 3404 ec
248 3347 373 3421 quereris
387 3356 458 3421 patri
470 3345 481 3400 l
522 3345 604 3401 Vade
619 3341 699 3420 ergb,
713 3355 742 3402 et
756 3344 827 3400 cede
842 3347 932 3402 severi

163 3427 324 3502 'lugeribus
336 3424 438 3500 campi,
453 3441 537 3498 quem
553 3423 692 3514 negligis!
734 3423 870 3480 Officium
885 3440 948 3482 cras

169 3505 266 3562 Primo
280 3505 338 3560 sole
354 3503 423 3560 mihi
438 3503 656 3580 peragendum
649 3523 677 3562 ιιι
693 3503 764 3560 valle
778 3501 905 3562 Quirini.
1014 3567 1016 3573 ¹

168 3584 246 3648 Quae
260 3602 346 3640 causa
361 3582 468 3639 officiii
508 3581 590 3642 Quid
604 3583 726 3656 quaerisl
715 3581 796 3640 N
799 3582 860 3640 ubrt
873 3582 992 3654 amicus,

157 3663 236 3727 ¹Nec
251 3661 354 3718 multos
368 3661 490 3718 adhibet.
533 3661 633 3718 Liceat
649 3659 735 3722 modd
751 3661 860 3730 vivere;
881 3661 960 3733 fient,
992 3697 993 3700 =

170 3741 277 3798 Fient
271 3737 442 3814 stepelini,
457 3740 574 3814 cupient
587 3751 616 3798 et
630 3741 657 3798 in
674 3751 738 3798 acta
751 3739 856 3798 referri.
894 3801 900 3812 ,

171 3821 287 3878 Interea
299 3828 471 3876 tormentum
487 3819 588 3894 ingens
602 3819 777 3878 nubentibus
790 3821 888 3892 heret,

169 3897 266 3961 Qudd·
277 3908 423 3973 nequeunt
436 3915 545 3974 parere,
559 3909 588 3955 et
601 3910 683 3974 partu
697 3900 820 3958 retinere
834 3901 957 3958 maritos.
