2628 4430
88 648 163 710 Qui
177 649 425 708 Lacedaemonium
441 653 587 728 pytismate
603 653 722 709 lubricat
735 653 848 712 orbem:

89 727 235 803 Namque
250 730 288 787 ibi
303 727 434 786 Fortunae
450 733 558 787 veniam
573 731 681 788 damus.
723 733 795 790 Alea
809 733 907 810 turpis,

10 801 12 868 l
89 805 201 882 Turpe
216 817 245 864 et
260 808 427 865 adulterium
442 810 638 866 mediocribus.
681 809 866 870 Haeceadem
880 813 920 872 illi

10 905 11 908 ¹
90 885 207 943 Omnia
220 905 307 962 quum
322 887 435 958 faciant,
452 888 551 944 hilares
566 889 702 964 nitidique
717 902 859 948 vocantur.

92 963 208 1022 Nostra
221 965 330 1023 dabunt
345 965 413 1023 alios
428 967 510 1023 bodie
525 967 652 1024 convivia
667 969 763 1024 ludos:

94 1044 238 1102 Conditor
254 1044 357 1102 lliados
371 1045 537 1118 cantabitur,
553 1059 634 1122 atque
650 1045 777 1104 Maronis

96 1123 223 1181 Altisoui
238 1123 354 1180 dubiam
369 1125 501 1182 facientia
515 1125 640 1182 carmina
653 1127 783 1202 palmam.

97 1201 177 1263 Quid
194 1203 289 1274 refert,
304 1204 373 1260 tales
388 1223 483 1260 versus
496 1205 551 1279 qud
566 1224 633 1262 voce
647 1205 796 1282 leganturl

133 1283 195 1340 Sed
212 1301 291 1339 nunc
306 1281 399 1339 dilatis
415 1293 507 1340 averte
522 1285 634 1360 negotia
649 1285 734 1358 curis,

94 1359 132 1418 Et
146 1371 260 1438 gratam
274 1362 398 1436 requiem
413 1361 487 1418 dona
501 1362 560 1432 tibi,
575 1365 686 1438 quando
700 1364 797 1423 licebit

95 1439 150 1497 Per
164 1450 255 1497 totum
269 1459 379 1496 cessare
394 1441 486 1496 diem:
508 1461 564 1497 non
580 1443 693 1500 loenoris
707 1445 764 1501 ulla

95 1517 219 1591 Manlio,
233 1537 299 1590 nec,
313 1521 403 1596 primia
418 1521 439 1575 si
455 1519 519 1576 luce
533 1539 655 1596 egressa,
670 1523 769 1581 reverti

95 1596 193 1655 Nocte
206 1599 287 1669 solet,
301 1598 388 1655 tacito
402 1599 486 1656 bilem
501 1599 551 1656 tibi
565 1603 712 1658 contrahat
726 1623 844 1659 uxor.-

98 1676 236 1733 Protenus
251 1690 317 1733 ante
332 1696 436 1748 meum,
450 1677 584 1752 quidquid
599 1680 684 1751 dolet,
699 1701 770 1738 exue
784 1681 888 1739 limen:

98 1754 181 1812 Pone
195 1757 308 1812 domum
323 1768 352 1812 et
365 1775 468 1827 servos,
483 1769 511 1813 et.
525 1759 659 1832 quidquid
675 1759 810 1836 frangitur
821 1760 886 1836 illis,

97 1834 159 1891 Aut
171 1835 260 1910 perit:
283 1835 407 1911 ingratos
422 1847 486 1892 ante
500 1836 595 1893 omnia
608 1857 681 1912 pone
695 1839 812 1896 sodales.
936 1841 938 1848 ’

134 1913 250 1971 Interea
265 1913 462 1990 Megalesiacae
477 1915 637 1990 spectacula
652 1935 759 1994 mappae

99 1989 205 2049 Idaeum
221 1993 339 2050 solenne
355 1993 459 2064 colunt,
475 1995 628 2070 similisque
643 1996 784 2073 triumpho
1021 1995 1079 2062 18⁰

102 2071 193 2129 Praeda
209 2073 382 2130 caballorum
397 2073 500 2130 Praetor
515 2073 610 2144 sedet;
633 2095 675 2144 ac,
691 2075 759 2132 mihi
773 2096 844 2152 pace

107 2147 250 2208 lmmensae
265 2152 416 2226 nimiaeque
429 2152 496 2208 licet
510 2153 532 2208 si
547 2153 641 2209 dicere
656 2153 754 2228 plebis,

106 2228 198 2288 Totam
215 2230 300 2288 bodie
315 2231 438 2287 Romam
452 2231 545 2286 circus
559 2233 642 2306 capit,
657 2243 685 2288 et
696 2232 787 2308 fragor
802 2253 899 2291 aurem

101 2308 234 2381 Perculit,
249 2321 382 2368 eventum
396 2309 491 2366 viridis
505 2329 560 2384 quo
574 2311 676 2386 colligo
690 2311 784 2388 panni.

101 2387 180 2461 Nam,
195 2387 221 2446 si
234 2388 378 2460 deficeret,
394 2399 522 2446 moestam
537 2389 737 2464 attonitamque
751 2390 861 2450 videres
1021 2390 1078 2454 185

103 2467 180 2524 Hauc
195 2467 308 2539 urbem,
322 2467 407 2524 veluti
423 2467 586 2524 Cannarum
602 2469 629 2524 in
646 2469 759 2544 pulvere
774 2469 855 2526 victis

108 2543 280 2604 (¹onsulibus.
323 2547 459 2622 Spectant
471 2547 598 2620 juvenes,
612 2566 680 2620 quos
694 2547 799 2604 clamor
813 2558 841 2604 et
855 2549 948 2606 audax

111 2623 228 2700 Sponsio,
243 2643 313 2700 quos
327 2624 411 2680 cultae
425 2625 508 2680 decet
522 2625 658 2681 assedisse
671 2625 789 2700 puellae3

111 2701 235 2778 Spectent
250 2705 307 2761 boc
321 2714 425 2778 nuptae,
437 2701 517 2778 juxta
532 2705 684 2761 recubante
699 2705 808 2778 marito,

107 2780 181 2841 Quod
195 2785 304 2860 pudeat
318 2783 445 2840 narrasse
459 2782 578 2860 aliquem
594 2785 778 2860 presentibus
792 2785 867 2862 ipsis
1021 2786 1078 2850 19⁰

101 2859 199 2920 Nostra
215 2863 293 2919 bibat
307 2881 423 2919 vernum
437 2871 581 2919 contracta
594 2863 717 2922 cuticula
731 2864 829 2938 solem,
893 2904 895 2908 .

99 2938 279 3018 Effugiatque
293 2952 395 3017 togam.
438 2941 455 2997 J
459 2960 503 2996 arn
515 2943 634 2999 nuncin
651 2944 761 3016 balnea,
776 2944 853 3002 salrai

97 3017 213 3093 Fronte,
228 3021 297 3078 licet
312 3021 406 3090 vadas,
420 3038 581 3094 quanquam
596 3021 686 3078 solida
700 3023 767 3079 hora
781 3023 901 3098 supersit

96 3099 140 3156 Ad
156 3111 276 3157 sextam.
317 3097 424 3156 Facere
439 3099 492 3154 hoc
506 3117 562 3152 non
576 3101 666 3172 possis
680 3097 803 3172 quinque
819 3099 919 3159 diebus

96 3176 259 3250 Continuis,
274 3178 339 3252 quia
352 3187 418 3234 sunt
431 3175 494 3232 talis
508 3194 619 3250 quoque
633 3176 716 3232 toedia
730 3177 793 3233 vitae
1020 3179 1076 3241 195

96 3255 213 3335 Magna.
256 3255 422 3334 Voluptates
435 3253 615 3328 commendat
628 3255 714 3312 rarior
725 3273 801 3312 usus.

466 3567 621 3630 SATIRA
640 3569 710 3630 XII.

135 3731 268 3801 Narin,
282 3729 413 3800 Corvine,
427 3728 473 3788 die
487 3729 556 3786 mihi
571 3729 678 3786 dulcior
692 3731 755 3788 haec
768 3729 826 3803 lux,

95 3809 167 3869 Qud
180 3809 268 3867 festus
282 3808 416 3885 promissa
429 3809 490 3864 deis
504 3808 637 3866 animalia
651 3827 750 3884 cespes

96 3886 259 3964 Exspectat.
301 3887 420 3944 Niveam
435 3887 557 3964 Reginae
572 3887 701 3943 ducimus
716 3905 834 3963 agnam:

16 4000 24 4081 p
96 3965 151 4026 Par
165 3966 258 4061 vellus
272 3965 384 4024 dabitur
398 3967 536 4101 pppnmi
550 3967 682 4042 Gorgone
698 3965 800 4024 Mauris
