<?xml version="1.0" encoding="UTF-8"?>
<!DOCTYPE html PUBLIC "-//W3C//DTD XHTML 1.0 Transitional//EN"
    "http://www.w3.org/TR/xhtml1/DTD/xhtml1-transitional.dtd">
<html xmlns="http://www.w3.org/1999/xhtml" xml:lang="en" lang="en">
 <head>
  <title>
</title>
<meta http-equiv="Content-Type" content="text/html;charset=utf-8" />
  <meta name='ocr-system' content='tesseract 3.04.00' />
  <meta name='ocr-capabilities' content='ocr_page ocr_carea ocr_par ocr_line ocrx_word'/>
</head>
<body>
  <div class='ocr_page' id='page_1' title='image "./decimijuniijuve02persgoog_0067.png"; bbox 0 0 2628 4430; ppageno 0'>
   <div class='ocr_carea' id='block_1_1' title="bbox 216 367 882 428">
    <p class='ocr_par' dir='ltr' id='par_1_1' title="bbox 216 367 882 428">
     <span class='ocr_line' id='line_1_1' title="bbox 216 367 882 428; baseline -0.003 -10"><span class='ocrx_word' id='word_1_1' title='bbox 216 367 258 428; x_wconf 76' lang='lat'>56</span> <span class='ocrx_word' id='word_1_2' title='bbox 526 367 559 416; x_wconf 89' lang='lat' dir='ltr'>D.</span> <span class='ocrx_word' id='word_1_3' title='bbox 575 367 672 416; x_wconf 86' lang='lat' dir='ltr'>JUNll</span> <span class='ocrx_word' id='word_1_4' title='bbox 688 367 882 416; x_wconf 82' lang='lat' dir='ltr'>JUVENALIS</span> 
     </span>
    </p>
   </div>
   <div class='ocr_carea' id='block_1_2' title="bbox 156 507 1056 3512">
    <p class='ocr_par' dir='ltr' id='par_1_2' title="bbox 216 507 1011 1140">
     <span class='ocr_line' id='line_1_2' title="bbox 257 507 1011 586; baseline 0 -20"><span class='ocrx_word' id='word_1_5' title='bbox 257 509 408 586; x_wconf 77' lang='lat' dir='ltr'>Eloquium</span> <span class='ocrx_word' id='word_1_6' title='bbox 423 529 457 568; x_wconf 92' lang='lat' dir='ltr'>ac</span> <span class='ocrx_word' id='word_1_7' title='bbox 469 507 571 568; x_wconf 88' lang='lat' dir='ltr'>famam</span> <span class='ocrx_word' id='word_1_8' title='bbox 586 509 787 570; x_wconf 75' lang='lat' dir='ltr'>Demosthenis</span> <span class='ocrx_word' id='word_1_9' title='bbox 800 521 848 568; x_wconf 88' lang='lat' dir='ltr'>aut</span> <span class='ocrx_word' id='word_1_10' title='bbox 863 509 1011 568; x_wconf 80' lang='lat' dir='ltr'><strong>Ciceronis</strong></span> 
     </span>
     <span class='ocr_line' id='line_1_3' title="bbox 217 588 900 665; baseline 0 -20"><span class='ocrx_word' id='word_1_11' title='bbox 217 588 322 665; x_wconf 80' lang='lat' dir='ltr'>Incipit</span> <span class='ocrx_word' id='word_1_12' title='bbox 333 602 439 665; x_wconf 90' lang='lat' dir='ltr'>optare,</span> <span class='ocrx_word' id='word_1_13' title='bbox 453 601 482 648; x_wconf 91' lang='lat' dir='ltr'>et</span> <span class='ocrx_word' id='word_1_14' title='bbox 495 590 560 648; x_wconf 89' lang='lat' dir='ltr'>totis</span> <span class='ocrx_word' id='word_1_15' title='bbox 572 589 801 664; x_wconf 76' lang='lat' dir='ltr'>Quinquatribus</span> <span class='ocrx_word' id='word_1_16' title='bbox 814 600 900 664; x_wconf 85' lang='lat' dir='ltr'>optat,</span> 
     </span>
     <span class='ocr_line' id='line_1_4' title="bbox 216 667 992 744; baseline -0.005 -14"><span class='ocrx_word' id='word_1_17' title='bbox 216 667 355 743; x_wconf 76' lang='lat' dir='ltr'>Quisquis</span> <span class='ocrx_word' id='word_1_18' title='bbox 369 669 462 726; x_wconf 88' lang='lat' dir='ltr'>adhuc</span> <span class='ocrx_word' id='word_1_19' title='bbox 477 687 534 726; x_wconf 90' lang='lat' dir='ltr'>uno</span> <span class='ocrx_word' id='word_1_20' title='bbox 548 681 654 744; x_wconf 88' lang='lat' dir='ltr'>partam</span> <span class='ocrx_word' id='word_1_21' title='bbox 669 670 737 726; x_wconf 88' lang='lat' dir='ltr'>colit</span> <span class='ocrx_word' id='word_1_22' title='bbox 748 688 809 726; x_wconf 88' lang='lat' dir='ltr'>asse</span> <span class='ocrx_word' id='word_1_23' title='bbox 824 667 992 740; x_wconf 84' lang='lat' dir='ltr'>Minervam,</span> 
     </span>
     <span class='ocr_line' id='line_1_5' title="bbox 216 745 946 823; baseline -0.005 -15"><span class='ocrx_word' id='word_1_24' title='bbox 216 745 314 808; x_wconf 81' lang='lat' dir='ltr'>Quem</span> <span class='ocrx_word' id='word_1_25' title='bbox 327 747 451 823; x_wconf 88' lang='lat' dir='ltr'>sequitur</span> <span class='ocrx_word' id='word_1_26' title='bbox 464 758 560 805; x_wconf 91' lang='lat' dir='ltr'>custos</span> <span class='ocrx_word' id='word_1_27' title='bbox 574 759 701 822; x_wconf 77' lang='lat' dir='ltr'>auguste</span> <span class='ocrx_word' id='word_1_28' title='bbox 717 749 832 806; x_wconf 87' lang='lat' dir='ltr'>vernula</span> <span class='ocrx_word' id='word_1_29' title='bbox 845 765 946 822; x_wconf 80' lang='lat' dir='ltr'>capsur.</span> 
     </span>
     <span class='ocr_line' id='line_1_6' title="bbox 218 825 903 903; baseline 0.003 -21"><span class='ocrx_word' id='word_1_30' title='bbox 218 825 337 902; x_wconf 82' lang='lat' dir='ltr'>Eloquio</span> <span class='ocrx_word' id='word_1_31' title='bbox 350 828 399 884; x_wconf 87' lang='lat' dir='ltr'>sed</span> <span class='ocrx_word' id='word_1_32' title='bbox 412 839 527 900; x_wconf 90' lang='lat' dir='ltr'>uterque</span> <span class='ocrx_word' id='word_1_33' title='bbox 540 826 614 903; x_wconf 90' lang='lat' dir='ltr'>perit</span> <span class='ocrx_word' id='word_1_34' title='bbox 623 839 715 885; x_wconf 87' lang='lat' dir='ltr'>orator</span> <span class='ocrx_word' id='word_1_35' title='bbox 728 846 733 883; x_wconf 94' lang='lat'>:</span> <span class='ocrx_word' id='word_1_36' title='bbox 755 839 903 902; x_wconf 90' lang='lat' dir='ltr'>utrumque</span> 
     </span>
     <span class='ocr_line' id='line_1_7' title="bbox 217 903 892 982; baseline 0 -20"><span class='ocrx_word' id='word_1_37' title='bbox 217 903 326 981; x_wconf 80' lang='lat' dir='ltr'>Largus</span> <span class='ocrx_word' id='word_1_38' title='bbox 338 918 368 964; x_wconf 85' lang='lat' dir='ltr'>et</span> <span class='ocrx_word' id='word_1_39' title='bbox 380 907 528 964; x_wconf 83' lang='lat' dir='ltr'>exundans</span> <span class='ocrx_word' id='word_1_40' title='bbox 540 905 596 964; x_wconf 87' lang='lat' dir='ltr'>leto</span> <span class='ocrx_word' id='word_1_41' title='bbox 611 907 689 964; x_wconf 82' lang='lat' dir='ltr'>dedit</span> <span class='ocrx_word' id='word_1_42' title='bbox 702 905 809 982; x_wconf 85' lang='lat' dir='ltr'>ingenii</span> <span class='ocrx_word' id='word_1_43' title='bbox 823 906 892 964; x_wconf 87' lang='lat' dir='ltr'>fons.</span> 
     </span>
     <span class='ocr_line' id='line_1_8' title="bbox 217 982 972 1060; baseline 0.007 -20"><span class='ocrx_word' id='word_1_44' title='bbox 217 982 337 1060; x_wconf 84' lang='lat' dir='ltr'>Ingenio</span> <span class='ocrx_word' id='word_1_45' title='bbox 351 1003 451 1042; x_wconf 89' lang='lat' dir='ltr'>manus</span> <span class='ocrx_word' id='word_1_46' title='bbox 464 997 507 1044; x_wconf 84' lang='lat' dir='ltr'>est</span> <span class='ocrx_word' id='word_1_47' title='bbox 520 995 548 1042; x_wconf 91' lang='lat' dir='ltr'>et</span> <span class='ocrx_word' id='word_1_48' title='bbox 561 986 656 1042; x_wconf 88' lang='lat' dir='ltr'>cervix</span> <span class='ocrx_word' id='word_1_49' title='bbox 669 1004 758 1054; x_wconf 80' lang='lat' dir='ltr'>caesa3</span> <span class='ocrx_word' id='word_1_50' title='bbox 779 1005 834 1042; x_wconf 90' lang='lat' dir='ltr'>nec</span> <span class='ocrx_word' id='word_1_51' title='bbox 847 1003 972 1060; x_wconf 78' lang='lat' dir='ltr'>uuquam</span> 
     </span>
     <span class='ocr_line' id='line_1_9' title="bbox 217 1063 916 1140; baseline 0 -18"><span class='ocrx_word' id='word_1_52' title='bbox 217 1063 366 1140; x_wconf 74' lang='lat' dir='ltr'>Sanguine</span> <span class='ocrx_word' id='word_1_53' title='bbox 379 1065 516 1122; x_wconf 77' lang='lat' dir='ltr'>causidici</span> <span class='ocrx_word' id='word_1_54' title='bbox 531 1065 700 1122; x_wconf 82' lang='lat' dir='ltr'>maduerunt</span> <span class='ocrx_word' id='word_1_55' title='bbox 714 1077 801 1122; x_wconf 85' lang='lat' dir='ltr'>rostra</span> <span class='ocrx_word' id='word_1_56' title='bbox 814 1063 916 1140; x_wconf 88' lang='lat' dir='ltr'>pusilli.</span> 
     </span>
    </p>

    <p class='ocr_par' dir='ltr' id='par_1_3' title="bbox 217 1139 863 1204">
     <span class='ocr_line' id='line_1_10' title="bbox 217 1139 863 1204; baseline 0 -4"><span class='ocrx_word' id='word_1_57' title='bbox 217 1141 245 1200; x_wconf 92' lang='grc' dir='ltr'><strong>Ο</strong></span> <span class='ocrx_word' id='word_1_58' title='bbox 259 1142 427 1204; x_wconf 82' lang='lat' dir='ltr'>fortunatam</span> <span class='ocrx_word' id='word_1_59' title='bbox 436 1139 536 1202; x_wconf 83' lang='lat' dir='ltr'>&#39;natam</span> <span class='ocrx_word' id='word_1_60' title='bbox 551 1163 596 1200; x_wconf 89' lang='lat' dir='ltr'>me</span> <span class='ocrx_word' id='word_1_61' title='bbox 610 1143 725 1202; x_wconf 90' lang='lat' dir='ltr'>consule</span> <span class='ocrx_word' id='word_1_62' title='bbox 740 1143 863 1201; x_wconf 83' lang='lat' dir='ltr'>Romam</span> 
     </span>
    </p>

    <p class='ocr_par' dir='ltr' id='par_1_4' title="bbox 156 1220 981 1855">
     <span class='ocr_line' id='line_1_11' title="bbox 156 1220 854 1300; baseline 0 -22"><span class='ocrx_word' id='word_1_63' title='bbox 156 1230 161 1239; x_wconf 91' lang='lat'>&#39;</span> <span class='ocrx_word' id='word_1_64' title='bbox 218 1220 327 1280; x_wconf 82' lang='lat' dir='ltr'>Antoni</span> <span class='ocrx_word' id='word_1_65' title='bbox 340 1223 450 1300; x_wconf 81' lang='lat' dir='ltr'>gladios</span> <span class='ocrx_word' id='word_1_66' title='bbox 463 1224 554 1298; x_wconf 91' lang='lat' dir='ltr'>potuit</span> <span class='ocrx_word' id='word_1_67' title='bbox 568 1234 761 1293; x_wconf 80' lang='lat' dir='ltr'>contemnere,</span> <span class='ocrx_word' id='word_1_68' title='bbox 775 1223 798 1280; x_wconf 93' lang='lat' dir='ltr'>si</span> <span class='ocrx_word' id='word_1_69' title='bbox 812 1223 854 1278; x_wconf 90' lang='lat' dir='ltr'>sic</span> 
     </span>
     <span class='ocr_line' id='line_1_12' title="bbox 216 1298 875 1378; baseline 0.003 -20"><span class='ocrx_word' id='word_1_70' title='bbox 216 1298 324 1360; x_wconf 88' lang='lat' dir='ltr'>Omnia</span> <span class='ocrx_word' id='word_1_71' title='bbox 337 1301 459 1360; x_wconf 81' lang='lat' dir='ltr'>dixisset.</span> <span class='ocrx_word' id='word_1_72' title='bbox 500 1301 635 1363; x_wconf 84' lang='lat' dir='ltr'>Ridenda</span> <span class='ocrx_word' id='word_1_73' title='bbox 649 1305 779 1378; x_wconf 73' lang='lat' dir='ltr'>poemata</span> <span class='ocrx_word' id='word_1_74' title='bbox 792 1301 875 1373; x_wconf 85' lang='lat' dir='ltr'>malo,</span> 
     </span>
     <span class='ocr_line' id='line_1_13' title="bbox 216 1377 941 1456; baseline -0.006 -16"><span class='ocrx_word' id='word_1_75' title='bbox 216 1377 316 1440; x_wconf 79' lang='lat' dir='ltr'>Quam</span> <span class='ocrx_word' id='word_1_76' title='bbox 331 1391 358 1439; x_wconf 87' lang='lat' dir='ltr'>te</span> <span class='ocrx_word' id='word_1_77' title='bbox 372 1381 542 1456; x_wconf 72' lang='lat' dir='ltr'>conspicue,</span> <span class='ocrx_word' id='word_1_78' title='bbox 557 1380 653 1438; x_wconf 90' lang='lat' dir='ltr'>divina</span> <span class='ocrx_word' id='word_1_79' title='bbox 666 1379 834 1456; x_wconf 92' lang='lat' dir='ltr'>Philippica,</span> <span class='ocrx_word' id='word_1_80' title='bbox 851 1381 941 1452; x_wconf 83' lang='lat' dir='ltr'>famae,</span> 
     </span>
     <span class='ocr_line' id='line_1_14' title="bbox 218 1458 981 1536; baseline -0.003 -18"><span class='ocrx_word' id='word_1_81' title='bbox 218 1459 346 1518; x_wconf 83' lang='lat' dir='ltr'>Volveris</span> <span class='ocrx_word' id='word_1_82' title='bbox 360 1479 376 1518; x_wconf 87' lang='lat' dir='ltr'>a</span> <span class='ocrx_word' id='word_1_83' title='bbox 390 1459 480 1536; x_wconf 74' lang='lat' dir='ltr'>prima</span> <span class='ocrx_word' id='word_1_84' title='bbox 494 1479 557 1534; x_wconf 77' lang='lat' dir='ltr'>que</span> <span class='ocrx_word' id='word_1_85' title='bbox 570 1460 705 1534; x_wconf 81' lang='lat' dir='ltr'>proxima.</span> <span class='ocrx_word' id='word_1_86' title='bbox 748 1461 845 1516; x_wconf 86' lang='lat' dir='ltr'>Saevus</span> <span class='ocrx_word' id='word_1_87' title='bbox 858 1469 888 1516; x_wconf 90' lang='lat' dir='ltr'>et</span> <span class='ocrx_word' id='word_1_88' title='bbox 901 1458 981 1516; x_wconf 88' lang='lat' dir='ltr'>illum</span> 
     </span>
     <span class='ocr_line' id='line_1_15' title="bbox 218 1536 862 1615; baseline 0 -21"><span class='ocrx_word' id='word_1_89' title='bbox 218 1536 318 1599; x_wconf 80' lang='lat' dir='ltr'>Exitus</span> <span class='ocrx_word' id='word_1_90' title='bbox 330 1539 442 1615; x_wconf 90' lang='lat' dir='ltr'>eripuit,</span> <span class='ocrx_word' id='word_1_91' title='bbox 455 1557 538 1613; x_wconf 90' lang='lat' dir='ltr'>quam</span> <span class='ocrx_word' id='word_1_92' title='bbox 553 1539 726 1596; x_wconf 88' lang='lat' dir='ltr'>mirabantur</span> <span class='ocrx_word' id='word_1_93' title='bbox 740 1539 862 1604; x_wconf 83' lang='lat' dir='ltr'>Athenae</span> 
     </span>
     <span class='ocr_line' id='line_1_16' title="bbox 218 1616 962 1693; baseline 0.001 -20"><span class='ocrx_word' id='word_1_94' title='bbox 218 1616 399 1690; x_wconf 81' lang='lat' dir='ltr'>Torrentem,</span> <span class='ocrx_word' id='word_1_95' title='bbox 413 1629 442 1674; x_wconf 93' lang='lat' dir='ltr'>et</span> <span class='ocrx_word' id='word_1_96' title='bbox 455 1618 531 1693; x_wconf 88' lang='lat' dir='ltr'>pleni</span> <span class='ocrx_word' id='word_1_97' title='bbox 545 1619 738 1677; x_wconf 81' lang='lat' dir='ltr'>moderantem</span> <span class='ocrx_word' id='word_1_98' title='bbox 752 1618 839 1674; x_wconf 86' lang='lat' dir='ltr'>sraena</span> <span class='ocrx_word' id='word_1_99' title='bbox 851 1617 962 1674; x_wconf 88' lang='lat' dir='ltr'>theatri.</span> 
     </span>
     <span class='ocr_line' id='line_1_17' title="bbox 218 1693 870 1772; baseline 0.003 -20"><span class='ocrx_word' id='word_1_100' title='bbox 218 1693 272 1752; x_wconf 86' lang='lat' dir='ltr'>Dis</span> <span class='ocrx_word' id='word_1_101' title='bbox 285 1696 333 1754; x_wconf 91' lang='lat' dir='ltr'>ille</span> <span class='ocrx_word' id='word_1_102' title='bbox 347 1698 470 1756; x_wconf 83' lang='lat' dir='ltr'>adversis</span> <span class='ocrx_word' id='word_1_103' title='bbox 480 1698 607 1772; x_wconf 79' lang='lat' dir='ltr'>genitus,</span> <span class='ocrx_word' id='word_1_104' title='bbox 622 1697 733 1772; x_wconf 86' lang='lat' dir='ltr'>latoque</span> <span class='ocrx_word' id='word_1_105' title='bbox 747 1697 870 1768; x_wconf 89' lang='lat' dir='ltr'>sinistro,</span> 
     </span>
     <span class='ocr_line' id='line_1_18' title="bbox 216 1773 895 1855; baseline -0.003 -21"><span class='ocrx_word' id='word_1_106' title='bbox 216 1773 314 1834; x_wconf 80' lang='lat' dir='ltr'>Quem</span> <span class='ocrx_word' id='word_1_107' title='bbox 329 1787 407 1851; x_wconf 83' lang='lat' dir='ltr'>pater</span> <span class='ocrx_word' id='word_1_108' title='bbox 420 1776 545 1832; x_wconf 88' lang='lat' dir='ltr'>ardentis</span> <span class='ocrx_word' id='word_1_109' title='bbox 558 1795 664 1855; x_wconf 65' lang='lat' dir='ltr'>massae¹</span> <span class='ocrx_word' id='word_1_110' title='bbox 673 1776 789 1852; x_wconf 86' lang='lat' dir='ltr'>fuligine</span> <span class='ocrx_word' id='word_1_111' title='bbox 802 1775 895 1852; x_wconf 82' lang='lat' dir='ltr'>lippus</span> 
     </span>
    </p>

    <p class='ocr_par' dir='ltr' id='par_1_5' title="bbox 219 1853 916 2004">
     <span class='ocr_line' id='line_1_19' title="bbox 219 1853 916 1930; baseline -0.009 -14"><span class='ocrx_word' id='word_1_112' title='bbox 219 1853 247 1916; x_wconf 77' lang='lat' dir='ltr'>A</span> <span class='ocrx_word' id='word_1_113' title='bbox 260 1853 392 1925; x_wconf 80' lang='lat' dir='ltr'>carbone,</span> <span class='ocrx_word' id='word_1_114' title='bbox 407 1865 436 1910; x_wconf 88' lang='lat' dir='ltr'>et</span> <span class='ocrx_word' id='word_1_115' title='bbox 449 1853 610 1928; x_wconf 82' lang='lat' dir='ltr'>forcipibus,</span> <span class='ocrx_word' id='word_1_116' title='bbox 624 1855 786 1929; x_wconf 85' lang='lat' dir='ltr'>gladiosque</span> <span class='ocrx_word' id='word_1_117' title='bbox 799 1863 916 1930; x_wconf 89' lang='lat' dir='ltr'>parante</span> 
     </span>
     <span class='ocr_line' id='line_1_20' title="bbox 219 1931 882 2004; baseline 0.002 -17"><span class='ocrx_word' id='word_1_118' title='bbox 219 1931 338 2004; x_wconf 87' lang='lat' dir='ltr'>lucude,</span> <span class='ocrx_word' id='word_1_119' title='bbox 351 1943 380 1990; x_wconf 91' lang='lat' dir='ltr'>et</span> <span class='ocrx_word' id='word_1_120' title='bbox 392 1933 468 1994; x_wconf 88' lang='lat' dir='ltr'>luteo</span> <span class='ocrx_word' id='word_1_121' title='bbox 481 1933 612 1991; x_wconf 87' lang='lat' dir='ltr'>Vulcano</span> <span class='ocrx_word' id='word_1_122' title='bbox 626 1934 660 1989; x_wconf 93' lang='lat' dir='ltr'>ad</span> <span class='ocrx_word' id='word_1_123' title='bbox 673 1934 785 1990; x_wconf 91' lang='lat' dir='ltr'>rhetora</span> <span class='ocrx_word' id='word_1_124' title='bbox 798 1933 882 1990; x_wconf 91' lang='lat' dir='ltr'>misit.</span> 
     </span>
    </p>

    <p class='ocr_par' dir='ltr' id='par_1_6' title="bbox 218 2009 935 2168">
     <span class='ocr_line' id='line_1_21' title="bbox 257 2009 875 2088; baseline 0.002 -20"><span class='ocrx_word' id='word_1_125' title='bbox 257 2009 399 2070; x_wconf 88' lang='lat' dir='ltr'>Bellorum</span> <span class='ocrx_word' id='word_1_126' title='bbox 413 2011 531 2083; x_wconf 79' lang='lat' dir='ltr'>exuviae,</span> <span class='ocrx_word' id='word_1_127' title='bbox 545 2012 653 2073; x_wconf 89' lang='lat' dir='ltr'>truncis</span> <span class='ocrx_word' id='word_1_128' title='bbox 668 2013 752 2069; x_wconf 83' lang='lat' dir='ltr'>affixa</span> <span class='ocrx_word' id='word_1_129' title='bbox 764 2013 875 2088; x_wconf 78' lang='lat' dir='ltr'>tropaeis</span> 
     </span>
     <span class='ocr_line' id='line_1_22' title="bbox 218 2088 935 2168; baseline 0.003 -22"><span class='ocrx_word' id='word_1_130' title='bbox 218 2088 329 2162; x_wconf 89' lang='lat' dir='ltr'>Lorioa,</span> <span class='ocrx_word' id='word_1_131' title='bbox 343 2101 372 2149; x_wconf 94' lang='lat' dir='ltr'>et</span> <span class='ocrx_word' id='word_1_132' title='bbox 386 2091 474 2148; x_wconf 75' lang='lat' dir='ltr'>fracta</span> <span class='ocrx_word' id='word_1_133' title='bbox 488 2092 524 2149; x_wconf 89' lang='lat' dir='ltr'>de</span> <span class='ocrx_word' id='word_1_134' title='bbox 538 2091 648 2148; x_wconf 88' lang='lat' dir='ltr'>casside</span> <span class='ocrx_word' id='word_1_135' title='bbox 663 2091 784 2150; x_wconf 88' lang='lat' dir='ltr'>buccula</span> <span class='ocrx_word' id='word_1_136' title='bbox 798 2093 935 2168; x_wconf 76' lang='lat' dir='ltr'>pendens,</span> 
     </span>
    </p>

    <p class='ocr_par' dir='ltr' id='par_1_7' title="bbox 218 2167 961 2562">
     <span class='ocr_line' id='line_1_23' title="bbox 219 2167 918 2248; baseline -0.003 -18"><span class='ocrx_word' id='word_1_137' title='bbox 219 2167 260 2230; x_wconf 87' lang='lat' dir='ltr'>Et</span> <span class='ocrx_word' id='word_1_138' title='bbox 274 2181 384 2231; x_wconf 91' lang='lat' dir='ltr'>curtum</span> <span class='ocrx_word' id='word_1_139' title='bbox 399 2179 511 2230; x_wconf 89' lang='lat' dir='ltr'>temone</span> <span class='ocrx_word' id='word_1_140' title='bbox 523 2169 633 2248; x_wconf 83' lang='lat' dir='ltr'>jugum,</span> <span class='ocrx_word' id='word_1_141' title='bbox 647 2170 782 2246; x_wconf 76' lang='lat' dir='ltr'>victaque</span> <span class='ocrx_word' id='word_1_142' title='bbox 796 2171 918 2228; x_wconf 86' lang='lat' dir='ltr'>triremis</span> 
     </span>
     <span class='ocr_line' id='line_1_24' title="bbox 219 2250 904 2330; baseline -0.006 -18"><span class='ocrx_word' id='word_1_143' title='bbox 219 2251 363 2330; x_wconf 85' lang='lat' dir='ltr'>Aplustre,</span> <span class='ocrx_word' id='word_1_144' title='bbox 377 2261 407 2307; x_wconf 87' lang='lat' dir='ltr'>et</span> <span class='ocrx_word' id='word_1_145' title='bbox 420 2269 530 2308; x_wconf 89' lang='lat' dir='ltr'>summo</span> <span class='ocrx_word' id='word_1_146' title='bbox 543 2251 629 2308; x_wconf 87' lang='lat' dir='ltr'>tristis</span> <span class='ocrx_word' id='word_1_147' title='bbox 643 2250 769 2326; x_wconf 89' lang='lat' dir='ltr'>captivus</span> <span class='ocrx_word' id='word_1_148' title='bbox 781 2251 809 2307; x_wconf 96' lang='lat' dir='ltr'>in</span> <span class='ocrx_word' id='word_1_149' title='bbox 826 2270 904 2322; x_wconf 89' lang='lat' dir='ltr'>arcu,</span> 
     </span>
     <span class='ocr_line' id='line_1_25' title="bbox 219 2329 933 2404; baseline -0.006 -14"><span class='ocrx_word' id='word_1_150' title='bbox 219 2330 360 2390; x_wconf 84' lang='lat' dir='ltr'>Humanis</span> <span class='ocrx_word' id='word_1_151' title='bbox 374 2329 478 2404; x_wconf 86' lang='lat' dir='ltr'>majora</span> <span class='ocrx_word' id='word_1_152' title='bbox 491 2329 572 2387; x_wconf 93' lang='lat' dir='ltr'>bonis</span> <span class='ocrx_word' id='word_1_153' title='bbox 586 2330 756 2386; x_wconf 89' lang='lat' dir='ltr'>creduntur:</span> <span class='ocrx_word' id='word_1_154' title='bbox 779 2330 814 2386; x_wconf 90' lang='lat' dir='ltr'>ad</span> <span class='ocrx_word' id='word_1_155' title='bbox 829 2330 890 2386; x_wconf 78' lang='lat' dir='ltr'>haec</span> <span class='ocrx_word' id='word_1_156' title='bbox 903 2349 933 2386; x_wconf 85' lang='lat' dir='ltr'>se</span> 
     </span>
     <span class='ocr_line' id='line_1_26' title="bbox 219 2408 961 2483; baseline -0.007 -13"><span class='ocrx_word' id='word_1_157' title='bbox 219 2412 379 2481; x_wconf 86' lang='lat' dir='ltr'>Romanus,</span> <span class='ocrx_word' id='word_1_158' title='bbox 393 2409 560 2483; x_wconf 88' lang='lat' dir='ltr'>Graiusque,</span> <span class='ocrx_word' id='word_1_159' title='bbox 575 2427 609 2466; x_wconf 92' lang='lat' dir='ltr'>ac</span> <span class='ocrx_word' id='word_1_160' title='bbox 624 2408 758 2464; x_wconf 90' lang='lat' dir='ltr'>barbarus</span> <span class='ocrx_word' id='word_1_161' title='bbox 776 2409 961 2483; x_wconf 84' lang='lat' dir='ltr'>endoperator</span> 
     </span>
     <span class='ocr_line' id='line_1_27' title="bbox 218 2487 858 2562; baseline -0.009 -12"><span class='ocrx_word' id='word_1_162' title='bbox 218 2489 334 2558; x_wconf 78' lang='lat' dir='ltr'>Erexit3</span> <span class='ocrx_word' id='word_1_163' title='bbox 356 2507 457 2545; x_wconf 89' lang='lat' dir='ltr'>causas</span> <span class='ocrx_word' id='word_1_164' title='bbox 470 2487 641 2546; x_wconf 89' lang='lat' dir='ltr'>discriminis</span> <span class='ocrx_word' id='word_1_165' title='bbox 655 2501 737 2562; x_wconf 89' lang='lat' dir='ltr'>atque</span> <span class='ocrx_word' id='word_1_166' title='bbox 756 2487 858 2546; x_wconf 84' lang='lat' dir='ltr'>laboris</span> 
     </span>
    </p>

    <p class='ocr_par' dir='ltr' id='par_1_8' title="bbox 218 2561 1005 2879">
     <span class='ocr_line' id='line_1_28' title="bbox 218 2561 984 2643; baseline -0.005 -15"><span class='ocrx_word' id='word_1_167' title='bbox 218 2567 292 2628; x_wconf 75' lang='lat' dir='ltr'>lndd</span> <span class='ocrx_word' id='word_1_168' title='bbox 308 2568 412 2626; x_wconf 90' lang='lat' dir='ltr'>habuit.</span> <span class='ocrx_word' id='word_1_169' title='bbox 454 2566 550 2624; x_wconf 89' lang='lat' dir='ltr'>Tanto</span> <span class='ocrx_word' id='word_1_170' title='bbox 563 2567 650 2643; x_wconf 91' lang='lat' dir='ltr'>major</span> <span class='ocrx_word' id='word_1_171' title='bbox 665 2567 745 2624; x_wconf 80' lang='lat' dir='ltr'>larnae</span> <span class='ocrx_word' id='word_1_172' title='bbox 760 2567 819 2626; x_wconf 85' lang='lat' dir='ltr'>aitis</span> <span class='ocrx_word' id='word_1_173' title='bbox 833 2577 884 2637; x_wconf 89' lang='lat' dir='ltr'>est,</span> <span class='ocrx_word' id='word_1_174' title='bbox 898 2561 984 2640; x_wconf 82' lang='lat' dir='ltr'>qudm</span> 
     </span>
     <span class='ocr_line' id='line_1_29' title="bbox 218 2645 1005 2721; baseline -0.009 -13"><span class='ocrx_word' id='word_1_175' title='bbox 218 2647 346 2708; x_wconf 85' lang='lat' dir='ltr'>Virtutis.</span> <span class='ocrx_word' id='word_1_176' title='bbox 386 2646 462 2708; x_wconf 79' lang='lat' dir='ltr'>Quis</span> <span class='ocrx_word' id='word_1_177' title='bbox 476 2646 553 2704; x_wconf 90' lang='lat' dir='ltr'>euim</span> <span class='ocrx_word' id='word_1_178' title='bbox 569 2647 700 2704; x_wconf 88' lang='lat' dir='ltr'>virtutem</span> <span class='ocrx_word' id='word_1_179' title='bbox 714 2646 890 2721; x_wconf 85' lang='lat' dir='ltr'>amplectitur</span> <span class='ocrx_word' id='word_1_180' title='bbox 905 2645 1005 2720; x_wconf 86' lang='lat' dir='ltr'>ipsam,</span> 
     </span>
     <span class='ocr_line' id='line_1_30' title="bbox 219 2724 943 2785; baseline -0.007 0"><span class='ocrx_word' id='word_1_181' title='bbox 219 2727 339 2785; x_wconf 78' lang='lat' dir='ltr'>Premis</span> <span class='ocrx_word' id='word_1_182' title='bbox 352 2726 376 2782; x_wconf 91' lang='lat' dir='ltr'>si</span> <span class='ocrx_word' id='word_1_183' title='bbox 389 2725 491 2782; x_wconf 88' lang='lat' dir='ltr'>tollasl</span> <span class='ocrx_word' id='word_1_184' title='bbox 525 2725 648 2782; x_wconf 90' lang='lat' dir='ltr'>Patriam</span> <span class='ocrx_word' id='word_1_185' title='bbox 663 2735 757 2781; x_wconf 89' lang='lat' dir='ltr'>tamen</span> <span class='ocrx_word' id='word_1_186' title='bbox 770 2725 864 2782; x_wconf 92' lang='lat' dir='ltr'>obruit</span> <span class='ocrx_word' id='word_1_187' title='bbox 875 2724 943 2782; x_wconf 90' lang='lat' dir='ltr'>olim</span> 
     </span>
     <span class='ocr_line' id='line_1_31' title="bbox 218 2801 902 2879; baseline -0.006 -15"><span class='ocrx_word' id='word_1_188' title='bbox 218 2805 316 2865; x_wconf 88' lang='lat' dir='ltr'>Gloria</span> <span class='ocrx_word' id='word_1_189' title='bbox 328 2821 493 2879; x_wconf 91' lang='lat' dir='ltr'>paucorum,</span> <span class='ocrx_word' id='word_1_190' title='bbox 507 2813 536 2859; x_wconf 88' lang='lat' dir='ltr'>et</span> <span class='ocrx_word' id='word_1_191' title='bbox 549 2801 640 2860; x_wconf 89' lang='lat' dir='ltr'>laudis</span> <span class='ocrx_word' id='word_1_192' title='bbox 653 2803 784 2877; x_wconf 87' lang='lat' dir='ltr'>titulique</span> <span class='ocrx_word' id='word_1_193' title='bbox 798 2803 902 2878; x_wconf 90' lang='lat' dir='ltr'>cupido</span> 
     </span>
    </p>

    <p class='ocr_par' dir='ltr' id='par_1_9' title="bbox 195 2881 1056 3353">
     <span class='ocr_line' id='line_1_32' title="bbox 195 2881 887 2956; baseline -0.007 -13"><span class='ocrx_word' id='word_1_194' title='bbox 195 2922 200 2933; x_wconf 91' lang='lat'>·</span> <span class='ocrx_word' id='word_1_195' title='bbox 220 2883 333 2943; x_wconf 75' lang='lat' dir='ltr'>Hesuri</span> <span class='ocrx_word' id='word_1_196' title='bbox 347 2881 421 2940; x_wconf 85' lang='lat' dir='ltr'>saxis</span> <span class='ocrx_word' id='word_1_197' title='bbox 434 2882 561 2938; x_wconf 90' lang='lat' dir='ltr'>cinerum</span> <span class='ocrx_word' id='word_1_198' title='bbox 575 2881 755 2950; x_wconf 86' lang='lat' dir='ltr'>custodibus;</span> <span class='ocrx_word' id='word_1_199' title='bbox 776 2881 810 2938; x_wconf 94' lang='lat' dir='ltr'>ad</span> <span class='ocrx_word' id='word_1_200' title='bbox 824 2899 887 2956; x_wconf 87' lang='lat' dir='ltr'>quae</span> 
     </span>
     <span class='ocr_line' id='line_1_33' title="bbox 220 2959 932 3022; baseline -0.008 0"><span class='ocrx_word' id='word_1_201' title='bbox 220 2961 406 3022; x_wconf 89' lang='lat' dir='ltr'>Discutienda</span> <span class='ocrx_word' id='word_1_202' title='bbox 420 2961 513 3018; x_wconf 85' lang='lat' dir='ltr'>valent</span> <span class='ocrx_word' id='word_1_203' title='bbox 523 2959 627 3018; x_wconf 88' lang='lat' dir='ltr'>sterilis</span> <span class='ocrx_word' id='word_1_204' title='bbox 641 2960 715 3018; x_wconf 90' lang='lat' dir='ltr'>mala</span> <span class='ocrx_word' id='word_1_205' title='bbox 729 2960 828 3018; x_wconf 91' lang='lat' dir='ltr'>robora</span> <span class='ocrx_word' id='word_1_206' title='bbox 842 2959 932 3018; x_wconf 77' lang='lat' dir='ltr'>lictis:</span> 
     </span>
     <span class='ocr_line' id='line_1_34' title="bbox 218 3036 1056 3116; baseline -0.006 -16"><span class='ocrx_word' id='word_1_207' title='bbox 218 3041 459 3116; x_wconf 69' lang='lat' dir='ltr'>Quandoquidem</span> <span class='ocrx_word' id='word_1_208' title='bbox 472 3039 617 3107; x_wconf 78' lang='lat' dir='ltr'>datasuat</span> <span class='ocrx_word' id='word_1_209' title='bbox 630 3039 697 3116; x_wconf 87' lang='lat' dir='ltr'>ipsis</span> <span class='ocrx_word' id='word_1_210' title='bbox 710 3057 819 3114; x_wconf 91' lang='lat' dir='ltr'>quoque</span> <span class='ocrx_word' id='word_1_211' title='bbox 834 3039 890 3096; x_wconf 88' lang='lat' dir='ltr'>lata</span> <span class='ocrx_word' id='word_1_212' title='bbox 904 3036 1056 3115; x_wconf 81' lang='lat' dir='ltr'>sepulcris.&#39;</span> 
     </span>
     <span class='ocr_line' id='line_1_35' title="bbox 220 3117 1024 3198; baseline -0.004 -19"><span class='ocrx_word' id='word_1_213' title='bbox 220 3121 358 3198; x_wconf 86' lang='lat' dir='ltr'>Expende</span> <span class='ocrx_word' id='word_1_214' title='bbox 370 3117 583 3178; x_wconf 82' lang='lat' dir='ltr'>Hannibalem:</span> <span class='ocrx_word' id='word_1_215' title='bbox 604 3130 671 3196; x_wconf 91' lang='lat' dir='ltr'>quot</span> <span class='ocrx_word' id='word_1_216' title='bbox 684 3119 769 3176; x_wconf 88' lang='lat' dir='ltr'>libras</span> <span class='ocrx_word' id='word_1_217' title='bbox 784 3119 811 3176; x_wconf 92' lang='lat' dir='ltr'>in</span> <span class='ocrx_word' id='word_1_218' title='bbox 826 3119 899 3176; x_wconf 88' lang='lat' dir='ltr'>duce</span> <span class='ocrx_word' id='word_1_219' title='bbox 913 3137 1024 3176; x_wconf 91' lang='lat' dir='ltr'>summo</span> 
     </span>
     <span class='ocr_line' id='line_1_36' title="bbox 221 3196 995 3273; baseline -0.003 -15"><span class='ocrx_word' id='word_1_220' title='bbox 221 3200 374 3259; x_wconf 88' lang='lat' dir='ltr'>Inveniesl</span> <span class='ocrx_word' id='word_1_221' title='bbox 394 3199 442 3256; x_wconf 91' lang='lat' dir='ltr'>hic</span> <span class='ocrx_word' id='word_1_222' title='bbox 455 3208 507 3270; x_wconf 92' lang='lat' dir='ltr'>est,</span> <span class='ocrx_word' id='word_1_223' title='bbox 521 3217 605 3273; x_wconf 90' lang='lat' dir='ltr'>quem</span> <span class='ocrx_word' id='word_1_224' title='bbox 620 3219 678 3256; x_wconf 92' lang='lat' dir='ltr'>non</span> <span class='ocrx_word' id='word_1_225' title='bbox 692 3199 766 3273; x_wconf 88' lang='lat' dir='ltr'>capit</span> <span class='ocrx_word' id='word_1_226' title='bbox 781 3198 879 3256; x_wconf 81' lang='lat' dir='ltr'>Africa</span> <span class='ocrx_word' id='word_1_227' title='bbox 892 3196 995 3257; x_wconf 86' lang='lat' dir='ltr'>Mauro</span> 
     </span>
     <span class='ocr_line' id='line_1_37' title="bbox 223 3276 897 3353; baseline -0.006 -15"><span class='ocrx_word' id='word_1_228' title='bbox 223 3279 363 3338; x_wconf 89' lang='lat' dir='ltr'>Percussa</span> <span class='ocrx_word' id='word_1_229' title='bbox 376 3276 505 3350; x_wconf 89' lang='lat' dir='ltr'>Oceano,</span> <span class='ocrx_word' id='word_1_230' title='bbox 519 3277 644 3352; x_wconf 92' lang='lat' dir='ltr'>Niloque</span> <span class='ocrx_word' id='word_1_231' title='bbox 658 3278 771 3334; x_wconf 90' lang='lat' dir='ltr'>admota</span> <span class='ocrx_word' id='word_1_232' title='bbox 781 3277 897 3353; x_wconf 87' lang='lat' dir='ltr'>tepenti,</span> 
     </span>
    </p>

    <p class='ocr_par' dir='ltr' id='par_1_10' title="bbox 221 3356 1031 3512">
     <span class='ocr_line' id='line_1_38' title="bbox 221 3356 1031 3432; baseline -0.005 -14"><span class='ocrx_word' id='word_1_233' title='bbox 221 3359 334 3418; x_wconf 88' lang='lat' dir='ltr'>Rursus</span> <span class='ocrx_word' id='word_1_234' title='bbox 350 3357 385 3414; x_wconf 91' lang='lat' dir='ltr'>ad</span> <span class='ocrx_word' id='word_1_235' title='bbox 400 3357 564 3432; x_wconf 86' lang='lat' dir='ltr'>AEtlriopum</span> <span class='ocrx_word' id='word_1_236' title='bbox 579 3357 705 3432; x_wconf 90' lang='lat' dir='ltr'>populos,</span> <span class='ocrx_word' id='word_1_237' title='bbox 720 3357 843 3432; x_wconf 84' lang='lat' dir='ltr'>altosque</span> <span class='ocrx_word' id='word_1_238' title='bbox 857 3356 1031 3432; x_wconf 84' lang='lat' dir='ltr'>elephantos.</span> 
     </span>
     <span class='ocr_line' id='line_1_39' title="bbox 225 3435 846 3512; baseline -0.01 -15"><span class='ocrx_word' id='word_1_239' title='bbox 225 3438 349 3498; x_wconf 84' lang='lat' dir='ltr'>Additur</span> <span class='ocrx_word' id='word_1_240' title='bbox 364 3437 488 3512; x_wconf 89' lang='lat' dir='ltr'>imperiis</span> <span class='ocrx_word' id='word_1_241' title='bbox 502 3435 660 3511; x_wconf 88' lang='lat' dir='ltr'>Hispania:</span> <span class='ocrx_word' id='word_1_242' title='bbox 682 3435 846 3511; x_wconf 75' lang='lat' dir='ltr'>Pyrenaeum</span> 
     </span>
    </p>
   </div>
   <div class='ocr_carea' id='block_1_3' title="bbox 108 3514 1033 3591">
    <p class='ocr_par' dir='ltr' id='par_1_11' title="bbox 108 3514 1033 3591">
     <span class='ocr_line' id='line_1_40' title="bbox 108 3514 1033 3591; baseline -0.002 -17"><span class='ocrx_word' id='word_1_243' title='bbox 108 3547 119 3574; x_wconf 72' lang='grc' dir='ltr'>ι</span> <span class='ocrx_word' id='word_1_244' title='bbox 225 3516 385 3574; x_wconf 88' lang='lat' dir='ltr'>Transsilit.</span> <span class='ocrx_word' id='word_1_245' title='bbox 425 3514 566 3591; x_wconf 87' lang='lat' dir='ltr'>Opposuit</span> <span class='ocrx_word' id='word_1_246' title='bbox 579 3526 679 3572; x_wconf 89' lang='lat' dir='ltr'>natura</span> <span class='ocrx_word' id='word_1_247' title='bbox 694 3515 851 3590; x_wconf 81' lang='lat' dir='ltr'>Alpemque</span> <span class='ocrx_word' id='word_1_248' title='bbox 865 3514 1033 3590; x_wconf 76' lang='lat' dir='ltr'>niuemque:</span> 
     </span>
    </p>
   </div>
   <div class='ocr_carea' id='block_1_4' title="bbox 167 3594 985 3988">
    <p class='ocr_par' dir='ltr' id='par_1_12' title="bbox 222 3594 892 3670">
     <span class='ocr_line' id='line_1_41' title="bbox 222 3594 892 3670; baseline -0.007 -16"><span class='ocrx_word' id='word_1_249' title='bbox 222 3596 341 3654; x_wconf 93' lang='lat' dir='ltr'>Diducit</span> <span class='ocrx_word' id='word_1_250' title='bbox 355 3595 492 3670; x_wconf 89' lang='lat' dir='ltr'>scopulos,</span> <span class='ocrx_word' id='word_1_251' title='bbox 506 3606 536 3651; x_wconf 90' lang='lat' dir='ltr'>et</span> <span class='ocrx_word' id='word_1_252' title='bbox 549 3605 672 3652; x_wconf 89' lang='lat' dir='ltr'>montem</span> <span class='ocrx_word' id='word_1_253' title='bbox 687 3594 791 3670; x_wconf 91' lang='lat' dir='ltr'>rumpit</span> <span class='ocrx_word' id='word_1_254' title='bbox 804 3603 892 3651; x_wconf 91' lang='lat' dir='ltr'>aceto.</span> 
     </span>
    </p>

    <p class='ocr_par' dir='ltr' id='par_1_13' title="bbox 167 3670 985 3908">
     <span class='ocr_line' id='line_1_42' title="bbox 222 3670 976 3748; baseline -0.005 -15"><span class='ocrx_word' id='word_1_255' title='bbox 222 3673 288 3732; x_wconf 74' lang='lat' dir='ltr'>lam</span> <span class='ocrx_word' id='word_1_256' title='bbox 303 3685 381 3732; x_wconf 89' lang='lat' dir='ltr'>tenet</span> <span class='ocrx_word' id='word_1_257' title='bbox 395 3673 520 3730; x_wconf 89' lang='lat' dir='ltr'>ltaliam:</span> <span class='ocrx_word' id='word_1_258' title='bbox 542 3684 636 3730; x_wconf 89' lang='lat' dir='ltr'>tamen</span> <span class='ocrx_word' id='word_1_259' title='bbox 661 3670 733 3730; x_wconf 73' lang='lat' dir='ltr'>ultra</span> <span class='ocrx_word' id='word_1_260' title='bbox 747 3691 864 3748; x_wconf 87' lang='lat' dir='ltr'>pergere</span> <span class='ocrx_word' id='word_1_261' title='bbox 878 3672 976 3730; x_wconf 91' lang='lat' dir='ltr'>tendit.</span> 
     </span>
     <span class='ocr_line' id='line_1_43' title="bbox 224 3751 985 3828; baseline -0.001 -17"><span class='ocrx_word' id='word_1_262' title='bbox 224 3754 341 3825; x_wconf 90' lang='lat' dir='ltr'>Actum,</span> <span class='ocrx_word' id='word_1_263' title='bbox 355 3753 453 3828; x_wconf 90' lang='lat' dir='ltr'>inquit,</span> <span class='ocrx_word' id='word_1_264' title='bbox 468 3753 538 3810; x_wconf 88' lang='lat' dir='ltr'>nihil</span> <span class='ocrx_word' id='word_1_265' title='bbox 552 3763 604 3824; x_wconf 89' lang='lat' dir='ltr'>eat,</span> <span class='ocrx_word' id='word_1_266' title='bbox 618 3752 674 3810; x_wconf 91' lang='lat' dir='ltr'>nisi</span> <span class='ocrx_word' id='word_1_267' title='bbox 688 3753 776 3810; x_wconf 89' lang='lat' dir='ltr'>Poeno</span> <span class='ocrx_word' id='word_1_268' title='bbox 789 3751 877 3809; x_wconf 90' lang='lat' dir='ltr'>milite</span> <span class='ocrx_word' id='word_1_269' title='bbox 892 3763 985 3828; x_wconf 84' lang='lat' dir='ltr'>portas</span> 
     </span>
     <span class='ocr_line' id='line_1_44' title="bbox 167 3831 919 3908; baseline -0.003 -18"><span class='ocrx_word' id='word_1_270' title='bbox 167 3875 169 3879; x_wconf 67' lang='lat'>,</span> <span class='ocrx_word' id='word_1_271' title='bbox 224 3831 403 3908; x_wconf 74' lang='lat' dir='ltr'>Frangimus,</span> <span class='ocrx_word' id='word_1_272' title='bbox 417 3842 445 3888; x_wconf 89' lang='lat' dir='ltr'>et</span> <span class='ocrx_word' id='word_1_273' title='bbox 458 3831 551 3888; x_wconf 72' lang='lat' dir='ltr'>madia</span> <span class='ocrx_word' id='word_1_274' title='bbox 566 3832 696 3890; x_wconf 83' lang='lat' dir='ltr'>vexillum</span> <span class='ocrx_word' id='word_1_275' title='bbox 709 3849 783 3906; x_wconf 90' lang='lat' dir='ltr'>pono</span> <span class='ocrx_word' id='word_1_276' title='bbox 798 3831 919 3888; x_wconf 60' lang='lat' dir='ltr'>Subori.</span> 
     </span>
    </p>

    <p class='ocr_par' dir='ltr' id='par_1_14' title="bbox 224 3910 820 3988">
     <span class='ocr_line' id='line_1_45' title="bbox 224 3910 820 3988; baseline -0.01 -16"><span class='ocrx_word' id='word_1_277' title='bbox 224 3913 254 3972; x_wconf 94' lang='lat' dir='ltr'>O</span> <span class='ocrx_word' id='word_1_278' title='bbox 265 3911 355 3988; x_wconf 89' lang='lat' dir='ltr'>qualis</span> <span class='ocrx_word' id='word_1_279' title='bbox 369 3911 465 3983; x_wconf 82' lang='lat' dir='ltr'>facies,</span> <span class='ocrx_word' id='word_1_280' title='bbox 479 3921 507 3967; x_wconf 90' lang='lat' dir='ltr'>et</span> <span class='ocrx_word' id='word_1_281' title='bbox 520 3911 596 3984; x_wconf 90' lang='lat' dir='ltr'>quali</span> <span class='ocrx_word' id='word_1_282' title='bbox 607 3911 694 3987; x_wconf 80' lang='lat' dir='ltr'>digna</span> <span class='ocrx_word' id='word_1_283' title='bbox 707 3910 820 3982; x_wconf 79' lang='lat' dir='ltr'>tabent,</span> 
     </span>
    </p>
   </div>
   <div class='ocr_carea' id='block_1_5' title="bbox 0 0 1328 4430">
    <p class='ocr_par' dir='ltr' id='par_1_15' title="bbox 0 0 1328 4430">
     <span class='ocr_line' id='line_1_46' title="bbox 0 0 1328 4430; baseline 0 0"><span class='ocrx_word' id='word_1_284' title='bbox 0 0 1328 4430; x_wconf 95' lang='lat' dir='ltr'> </span> 
     </span>
    </p>
   </div>
  </div>
 </body>
</html>
