2646 4416
229 365 285 424 too
561 363 592 411 Α.
610 361 721 411 ransrr
739 361 861 412 rraccr

226 504 326 566 Quum
340 505 413 561 bene
428 502 568 562 disoieeto
581 504 736 562 cantaverit
748 504 843 561 oeime
855 521 957 560 remae.
997 555 1000 558 .

229 581 265 639 Ut
279 601 362 639 nemo
377 601 406 638 m
421 601 483 638 sese
497 592 587 639 tentat
600 583 783 652 deseendere‚
798 583 897 639 nemo!

228 660 285 716 Sed
300 660 471 734 praseedeuti
484 670 626 734 spectatur
637 660 761 716 mantica
774 669 861 736 tergo.

265 737 431 810 orestem,
445 735 560 794 Ntistin'
576 737 690 794 veotidt
699 737 826 812 predial
847 737 976 814 ‘cujusl'
1168 735 1209 794 ab

227 813 314 872 Dives
327 825 387 872 arat
400 814 534 885 Curibus,
547 813 684 889 quantum
697 833 755 872 non
769 815 869 872 milvus
881 815 1000 872 oberret

227 897 235 922 ⁸
252 891 340 950 Hune
350 893 411 950 aisl
432 894 509 949 buno
523 891 567 950 dis
581 893 659 950 iretis
671 893 811 968 genioque
826 893 958 950 sinistrol

226 969 288 1030 Qui
301 971 469 1046 quandoque
479 971 580 1046 jugum
593 980 707 1047 pertusa
720 972 756 1027 ad
768 971 892 1046 compita
899 971 969 1046 figit,

228 1047 344 1106 Seriolao
359 1059 480 1106 veterem
494 1060 625 1106 metuens
638 1049 774 1105 deradere
787 1047 898 1119 limum,

227 1123 361 1201 Ingemit,
375 1126 440 1183 Hoc
454 1125 590 1184 benerit!
609 1127 766 1183 tunicatum
781 1143 847 1182 eum
862 1125 920 1184 sele
933 1125 1068 1184 mordens
1168 1122 1208 1182 30

227 1203 329 1279 Cepe:
350 1215 378 1261 et
392 1204 495 1261 sanati
518 1204 613 1279 pueris
626 1203 826 1279 plaudentibus
849 1203 915 1271 ollii,

227 1279 391 1340 Pannosam
401 1282 499 1339 l'aeoem
513 1282 658 1339 morientis
671 1281 766 1338 sorbet
778 1282 869 1339 aceti!
885 1280 903 1315 ⁹
914 1279 932 1314 *
943 1279 961 1314 ⁸*
972 1281 990 1316 ⁸*
1001 1282 1020 1320 *

266 1359 420 1430 Caedimus,
435 1359 519 1433 inque
533 1360 623 1416 rioem
637 1360 795 1434 praebemus
809 1377 892 1416 orura
905 1359 1021 1435 sagittis

227 1437 337 1495 Vivitur
351 1438 405 1494 boo
418 1448 515 1512 paeto:
536 1437 579 1492 sio
594 1437 738 1494 novimus:
760 1437 807 1492 ilia
821 1436 916 1497 subter

226 1513 344 1572 Oaeoum
358 1515 458 1572 vulnus
469 1515 572 1571 habes:
593 1516 641 1571 sed
657 1515 714 1572 lato
727 1513 836 1570 balteus
849 1533 919 1572 auro
1050 1557 1054 1576 ,
1167 1515 1207 1574 35
1317 1521 1318 1524 ’

227 1591 374 1669 Praeoegit:
396 1603 427 1649 at
439 1594 537 1663 mavis,
551 1593 695 1663 daroma,
709 1604 738 1650 et
748 1592 847 1666 decipe
861 1611 970 1665 nervos,

164 1739 167 1752 Ι
227 1670 259 1726 Si
273 1682 361 1744 potes.
403 1671 574 1746 ‘Egregium
589 1689 675 1745 quum
690 1689 735 1727 me
748 1670 852 1727 vicinia
866 1671 951 1744 dieat,

226 1747 293 1806 Non
308 1750 423 1806 oredam
432 1751 451 1805 l’
493 1750 572 1819 Viso,
586 1751 609 1806 si
623 1749 721 1825 palles,
737 1748 872 1824 improbe,
887 1767 1019 1816 nurerum
1031 1748 1049 1783 ⁴*
1060 1748 1078 1784 ⁴
1090 1748 1109 1786 ⁴
1121 1749 1140 1787 *

227 1826 258 1882 Si
272 1825 366 1899 puteal
380 1827 470 1884 multi
482 1838 583 1883 eautus
593 1827 685 1883 vibice
699 1825 839 1901 flagellas:

226 1901 425 1979 Nequiequarn
438 1904 541 1978 populo
555 1903 664 1961 bibulas
678 1904 825 1961 donaveris
839 1923 929 1961 aures.
1167 1901 1208 1960 4⁰

227 1979 354 2057 Respue‚
367 1982 441 2055 quod
453 2000 510 2038 non
524 1987 574 2038 e's:
595 1982 673 2039 tollat
687 2001 739 2039 sua
753 1999 871 2038 munera
885 1982 979 2040 oerde

226 2058 338 2116 Tecum
353 2057 456 2130 habita,
472 2069 501 2115 et
514 2057 601 2128 miris,
615 2058 701 2136 quam
715 2059 751 2118 sit
763 2059 814 2116 tibi
828 2069 909 2118 eurta
922 2059 1056 2136 supellex.

609 2371 767 2430 sA'rlnn
787 2371 824 2428 V.

513 2543 562 2592 AD
578 2541 790 2591 MAGISTRUM
808 2541 906 2590 SUUM

551 2701 688 2740 ΑΝΝΕΠΜ
708 2701 882 2740 θῠΙῑΝΠΤΠΜ.

265 2839 400 2897 Varraos
414 2837 462 2896 bio
475 2855 536 2894 mos
549 2848 602 2908 est,
616 2848 732 2895 eentum
746 2837 799 2894 sibi
812 2855 929 2914 posoere
942 2855 1036 2910 voees,

225 2916 349 2974 Centum
362 2932 421 2988 ora,
435 2926 464 2974 et
477 2915 588 2992 linguas
601 2925 697 2990 optare
711 2915 740 2971 in
754 2915 880 2973 earmina
892 2923 1019 2989 eentum,

225 2993 336 3052 Fabula
349 3014 399 3052 seu
413 3004 512 3050 moesto
525 3004 643 3068 ponatur
658 2993 762 3050 hianda
774 2994 910 3069 magade,

226 3071 354 3130 Vulnera
367 3092 418 3130 seu
432 3072 530 3130 Parthi
543 3071 674 3129 ducentis
688 3072 725 3129 ab
737 3072 854 3148 inguine
869 3073 983 3128 ferrum.

265 3152 412 3212 Quorsum
423 3151 505 3207 baeol
528 3160 576 3206 aut
589 3160 709 3225 quantas
721 3151 828 3209 robusti
843 3150 976 3207 carminis
988 3147 1060 3208 offas
1186 3153 1208 3210 5
1317 3209 1318 3212 ,

227 3227 347 3304 ingeris,
362 3239 393 3286 nt
406 3248 456 3304 par
470 3230 507 3286 sit
519 3240 641 3286 centeno
654 3239 767 3303 gutture
781 3228 853 3285 nitil

226 3307 343 3379 Grapde
356 3307 478 3365 looubrri
491 3307 610 3363 nebulas
624 3305 764 3364 Helieone
777 3307 902 3382 legunto,

227 3385 260 3441 Si
273 3385 375 3458 quibus
387 3395 437 3442 aut
450 3383 585 3455 Procnes,
600 3395 648 3441 aut
662 3384 686 3440 si
699 3385 800 3457 quibus
813 3382 870 3440 olla
884 3381 1020 3457 Thyeste

228 3461 369 3534 Ferrebit,
383 3479 458 3538 sepe
472 3461 578 3518 insulso
591 3462 735 3518 ecananda
747 3460 877 3536 Glyconi.

228 3539 277 3596 Tu
288 3559 379 3614 neque
394 3539 546 3610 anhelanti,
560 3539 688 3612 eoquitur
703 3540 771 3595 dum
786 3557 878 3596 massa
891 3539 1014 3611 namium
1171 3539 1208 3599 1⁰
1317 3529 1318 3578 l

228 3616 309 3674 Folle
322 3618 426 3692 premis
439 3627 554 3685 ventos3
575 3635 631 3673 neo
644 3617 742 3672 olauso
755 3633 900 3674 murmure
913 3635 1017 3674 raucus

231 3691 336 3750 Nescio
348 3695 417 3770 quid
430 3704 525 3751 tecum
539 3711 623 3768 grave
634 3695 787 3752 corniearis
800 3692 913 3769 ineptd;
1006 3697 1013 3702 ’

153 3827 162 3840 s
228 3768 295 3840 ileo
309 3773 417 3847 stloppo
430 3771 553 3828 tumidas
566 3772 690 3828 intendis
702 3789 833 3846 rumpere
848 3773 961 3830 buoeas.

230 3847 326 3906 Verba
338 3859 411 3926 toge
425 3849 560 3923 sequeris,
571 3849 705 3924 junctura
719 3849 841 3906 callidus
853 3851 922 3922 aori,
