2628 4430
136 325 138 336 ’
171 371 208 436 ro
479 369 838 425 nominaremus

168 509 206 572 Et
219 531 289 586 quos
302 511 444 588 praecipue
460 515 577 592 fugiam,
590 517 745 591 properabo
759 517 848 590 fateri,

168 589 233 646 Nec
248 591 336 658 pudor
349 591 478 650 obstabit.
520 593 587 661 Non
601 613 714 669 possum
730 595 812 666 serre,
825 596 964 668 Quirites,

167 667 297 724 Graecam
311 669 425 727 urbem:
436 669 659 746 quamvisquota
672 674 763 748 portio
777 672 853 731 saecis
868 673 992 732 Achaeil

6 757 12 768 ’
69 801 71 810 ,
167 745 232 802 Jam
246 745 355 821 pridem
370 748 458 821 Syrus
472 747 502 806 iu
516 747 646 806 Tiberim
660 750 778 808 defluxit
791 751 926 826 Orontes,

167 821 205 880 Et
218 823 356 898 linguam,
370 836 399 882 et
408 845 511 898 mores,
525 837 633 884 etcum
647 825 764 886 tibicine
779 831 901 888 chordas

166 901 315 976 Obliquas,
329 921 383 960 nec
394 922 450 962 non
465 906 582 980 gentilia
595 917 727 981 tympana
741 925 840 964 secum

71 983 78 1000 ¹
166 979 262 1051 Vexit,
276 991 305 1038 ct
319 981 486 1039 adcircum
498 983 591 1059 jussas
602 996 728 1058 prostare
742 981 860 1060 puellas,

166 1055 220 1128 Ite,
233 1058 335 1132 quibua
348 1071 428 1134 grata
440 1071 484 1116 est
496 1063 573 1136 picti
586 1061 653 1138 lupa
667 1062 785 1120 barbara
798 1065 892 1122 mitrd.

165 1135 308 1194 Rusticus
317 1136 363 1194 ille
376 1149 442 1194 tuns
455 1140 540 1198 sumit
557 1141 750 1216 trechedipna,
763 1139 899 1215 Quirine,

165 1210 203 1270 Et
217 1215 390 1272 ceromatico
402 1216 455 1274 sert
470 1218 607 1276 niceteria
619 1219 701 1276 collo,

130 1313 134 1320 ·
165 1291 224 1352 Hic
238 1292 294 1348 altit
309 1293 441 1366 Sicyone,
457 1306 500 1352 ast
514 1295 561 1351 hio
575 1296 727 1370 Amydone
741 1296 852 1369 relicti,

166 1369 223 1426 Hic
237 1370 347 1441 Andro,
359 1371 406 1428 ille
420 1373 515 1444 Samo,
527 1371 743 1447 hic'Trallibar,
758 1388 806 1432 aut
819 1374 996 1450 Alabamlis,
1108 1377 1148 1437 7⁸]
1201 1381 1204 1400 ³

164 1445 305 1522 Esquilias
318 1449 482 1525 dictumque
495 1462 597 1527 petunt
609 1472 625 1509 a
639 1453 744 1510 vimine
758 1455 869 1526 collem,

164 1525 284 1583 Viscera
298 1546 464 1603 magnarum
478 1529 613 1586 domuum
628 1531 792 1606 dominique
806 1532 902 1591 futuri.

164 1601 316 1678 Ingenium
330 1605 418 1677 velox,
434 1607 554 1664 audacia
566 1609 685 1684 pdrdita,
699 1629 791 1667 sermo
934 1611 948 1622 ”

163 1679 318 1757 homptus·
336 1683 451 1742 eelsaeo
465 1687 621 1744 torrentior.
663 1687 735 1760 Ede,
749 1689 817 1763 quid
831 1689 910 1747 illum

163 1759 234 1816 Esse
248 1762 349 1836 putesl
370 1763 496 1836 quemvis
511 1765 654 1822 hominem
664 1785 767 1823 secum
782 1769 874 1825 attulit
888 1771 924 1826 ad
938 1789 991 1827 noa
1000 1789 1010 1826 ¹:
1105 1770 1146 1830 75

162 1837 382 1910 Grammaticus,
396 1841 501 1913 rhetor,
517 1854 683 1917 geometres,
697 1845 797 1920 pictor,
812 1847 920 1922 aliptes,

162 1915 274 1990 Augur,
288 1918 493 1990 schoenobates,
508 1921 646 1993 medicus,
661 1941 777 1998 magus:
798 1925 896 1982 omnia
907 1927 992 1984 norit,

161 1993 309 2052 Graeculus
323 1995 496 2054 esuriens-in
508 1999 621 2071 colum,
633 1999 759 2075 jusseris,
774 2001 833 2060 ibit
1077 1995 1079 2001 ⁸

161 2072 209 2138 dd
223 2093 371 2152 summam,
386 2094 443 2138 non
458 2074 581 2136 Maurus-
590 2089 660 2150 erat,
675 2099 767 2155 neque
782 2082 920 2154 Sarmata,
935 2101 990 2142 nec
1003 2082 1113 2154 Thrax,

159 2159 221 2226 Qui
235 2159 353 2240 sumpsit
366 2159 663 2238 pennas,.modiissed
679 2170 762 2217 natus
776 2159 908 2218 Athenis
1103 2161 1146 2218 80

160 2242 271 2302 Horum
285 2260 339 2316 ego
353 2260 410 2298 non
425 2241 532 2317 fugiam
541 2239 714 2315 conchylial
735 2257 783 2296 me
795 2239 870 2316 prior
884 2240 933 2297 ille

161 2319 291 2395 Signabit
301 2321 313 2376 l
334 2319 477 2394 fultusque
488 2330 555 2376 toro
565 2319 683 2376 meliore
694 2317 841 2374 recumbet

160 2399 310 2457 Advectus
323 2397 459 2469 Romam,
473 2417 542 2474 quo
562 2415 633 2457 runa
652 2406 681 2452 et
694 2406 810 2453 cottana
822 2397 924 2454 ventol
1034 2391 1039 2402 ’

159 2473 254 2552 Usque
268 2475 340 2534 aded
354 2477 424 2534 nihil
439 2487 491 2546 est,
502 2477 578 2551 quod
593 2487 688 2532 nostra
701 2474 819 2532 infantia
832 2474 936 2532 coelum

159 2555 264 2614 Hausit
278 2555 451 2614 Aventinum
468 2554 674 2612 baccinorum
688 2553 815 2610 §abiner
1104 2555 1145 2613 85

158 2635 250 2706 Quid,
265 2633 342 2709 quod
357 2633 491 2691 adulandi
506 2651 582 2708 gens·
591 2631 811 2708 prudentissima
823 2631 921 2690 laudat

160 2714 328 2771 Sermonem
344 2711 460 2782 indocti,
475 2712 576 2767 faciem
591 2709 725 2766 deformis
738 2710 833 2780 amici,

159 2789 197 2848 Et
210 2792 325 2866 longum
337 2791 451 2848 invalidi
465 2789 569 2845 collum
585 2788 743 2844 cervicibus
756 2797 849 2870 aequat

85 2875 88 2878 ’
160 2865 304 2939 Beroulis,
319 2869 455 2924 Antaeum'
468 2867 567 2942 procul
580 2885 598 2922 a
611 2866 710 2923 tellure
723 2865 907 2922 tenentisl-

160 2947 233 3004 Haec
247 2949 347 3004 eadem
361 2947 471 3003 licet'et
485 2945 566 3004 nobis
579 2944 712 3002 laudare:
733 2945 783 3002 sed
798 2944 858 3001 illis
1104 2945 1153 3004 au·

159 3025 422 3084 Creditur.—--·
883 3069 887 3076 .

159 3103 224 3161 Nec
238 3114 333 3160 tamen
347 3103 518 3175 Antiochus,
532 3121 587 3160 nec
601 3103 654 3158 erit
667 3101 804 3158 mirabilis
818 3099 879 3158 illic

160 3183 220 3239 Aut
235 3181 399 3252 Stratocles,
413 3193 462 3238 aut
475 3199 542 3238 cum
556 3181 634 3238 molli
648 3180 813 3238 Demetrius
827 3179 940 3239 Haemo.v

160 3255 249 3318 Natio
262 3261 391 3318 comoeda
404 3271 454 3316 est.
497 3259 608 3316 Ridesl
628 3259 748 3317 meliore
759 3258 908 3316 cachinno

160 3339 347 3396 Concutitur:
368 3335 426 3407 flet,
441 3338 465 3394 si
478 3338 617 3412 lacrymas
630 3336 776 3412 conspexit
790 3337 886 3406 amici,
1102 3335 1144 3394 95

160 3415 225 3474 Nec
239 3417 334 3473 dolet:
356 3415 513 3490 igniculum
528 3416 636 3470 brume
650 3415 673 3470 si
687 3424 813 3490 tempore
828 3431 938 3489 poscas,
1017 3459 1019 3464 ,

115 3547 120 3556 ,
161 3495 277 3569 Accipit
290 3493 496 3552 endromiden:
525 3494 548 3550 si
563 3493 677 3564 dixeris,
692 3506 789 3564 aeetuo,
803 3493 893 3550 sudat.

160 3571 228 3629 Non
243 3591 341 3648 sumus
354 3569 423 3646 ergo
437 3589 535 3649 pares:
557 3571 666 3642 melior,
680 3571 728 3644 qui
742 3589 852 3646 semper
866 3581 895 3628 et
907 3569 988 3628 omni

161 3645 254 3708 Nocte
266 3651 367 3724 dieque
380 3660 472 3725 potest
486 3648 610 3708 alierum
624 3666 735 3706 sumere
748 3649 867 3720 vultum,
1151 3693 1154 3698 .

160 3729 189 3786 A
204 3728 276 3787 facie
289 3728 397 3804 jactare
411 3744 522 3798 manns,
537 3727 830 3804 laudarepcratuse-
1039 3729 1043 3734 “
1087 3726 1149 3786 10⁰.

161 3806 242 3862 Scire
256 3805 353 3862 volunt
366 3816 476 3862 secreta
489 3807 590 3862 domus
604 3816 687 3879 atque
703 3806 771 3862 inde
784 3805 886 3862 timeri.

201 3883 238 3942 Et
251 3883 384 3960 quoniam
399 3884 485 3963 erepit
498 3883 663 3944 Graecorum
677 3883 896 3957 montiacensi
