2628 4430
209 379 251 440 22
521 377 554 428 b.
573 379 671 429 JUNll
687 377 883 428 JUVENALIS

949 469 969 504 e

212 524 371 582 Saltautem
385 515 505 600 spectes,
519 533 548 582 et
561 525 777 582 chironomonta
790 523 894 582 volanti

212 603 346 675 Cultello‚
361 603 452 662 donee
466 617 582 679 peragat
595 605 701 660 dictata
714 603 841 679 magistri

212 683 338 742 Omnia:
360 701 414 740 nec
427 683 546 741 minimo
559 682 629 742 sane
645 683 810 740 discrimine
822 682 918 756 refert,

211 761 282 824 Quo
295 773 377 839 gestu
391 762 509 838 lepores,
523 771 552 820 et
565 781 621 838 quo
634 762 741 839 gallina
754 773 873 820 secetur.

212 841 335 900 Duceris
348 842 454 918 planti,
468 843 544 900 velut
562 843 636 900 ictus
650 842 686 899 ab
700 840 826 902 Hercule
840 841 946 916 Cacus,
1153 841 1219 899 125

130 948 136 954 ·
212 919 250 980 Et
263 920 369 997 pondre
384 918 461 994 foris,
472 921 496 978 si
509 923 577 996 quid
590 921 743 979 tentaveris
756 939 880 996 unquam

213 999 344 1073 Hiscere,
359 1011 493 1076 tanquam
507 1001 613 1058 habeas
626 1001 680 1058 tria
692 1001 817 1058 nomina.
857 999 986 1061 Quando
998 999 1141 1078 propinat

212 1079 297 1138 Virro
310 1080 371 1152 tibi,
386 1080 525 1155 sumitque
539 1081 595 1138 tuis
609 1091 740 1138 contacta
753 1079 862 1138 labellis
896 1135 899 1142 ,
1038 1145 1042 1160 .

212 1158 341 1217 Poculal
361 1160 425 1235 quis
438 1159 561 1218 vestrum
575 1160 741 1218 temerarius
756 1177 844 1234 usque
858 1155 941 1231 oded,
955 1159 1018 1234 quis
1039 1173 1042 1183 ¹

212 1237 353 1311 Perditus‚
368 1250 399 1296 ut
413 1239 490 1331 dicat
502 1240 573 1315 regi,
588 1239 679 1298 Bibel
720 1239 846 1297 Plurima
859 1248 934 1310 sunt,
948 1257 1011 1314 quae
1152 1237 1217 1296 130

212 1317 280 1376 Non
295 1320 402 1376 audent
416 1319 545 1376 homines
558 1319 673 1395 pertusa
687 1319 783 1376 dicere
797 1317 880 1376 laent.

251 1397 473 1476 Quadringenta
486 1399 539 1456 tibi
552 1399 576 1456 si
594 1398 657 1473 quis
672 1399 752 1470 deus,
767 1409 815 1456 aut
828 1396 928 1454 similis
942 1395 997 1469 dis,

212 1475 250 1535 Et
264 1478 363 1536 melior
377 1477 441 1536 fatis
456 1479 590 1548 donaret;
614 1477 776 1549 homuncio,
790 1487 912 1551 quantur

212 1555 257 1614 Ex
271 1557 361 1616 nihilo
374 1557 466 1629 fieres,
477 1569 598 1633 quantus
612 1557 741 1614 Virronis
752 1556 879 1613 amicus!

212 1636 259 1694 Da
272 1637 399 1695 Trebio:
420 1655 493 1713 pone
507 1638 543 1694 ad
557 1636 712 1694 Trebium!
754 1636 816 1708 Vis,
831 1635 925 1706 frater,
939 1634 975 1692 ab
989 1633 1058 1711 ipsis
1149 1636 1214 1694 135

212 1715 322 1774 Ilibusl
362 1715 391 1773 Ο
404 1716 523 1787 ιιιιιιιιιιί,
538 1716 617 1774 vobis
631 1717 708 1774 hunc
721 1725 836 1791 praestat
850 1716 997 1787 honorem,

211 1795 272 1854 Vos
285 1796 352 1852 estis
367 1795 474 1852 fratres.
515 1795 655 1853 Dominus
669 1807 764 1852 tamen
778 1805 807 1852 et
820 1794 927 1852 domini
940 1813 991 1852 rex

212 1875 244 1932 Si
259 1875 301 1932 vis
313 1886 344 1934 tu
358 1874 429 1947 fieri,
443 1874 538 1932 nullus
552 1873 603 1932 tibi
617 1874 748 1950 parvulus
762 1874 828 1930 aulai

212 1954 325 2012 Luserit
339 1954 456 2024 AEneas‚
471 1973 526 2010 neo
539 1954 597 2010 filia
612 1953 721 2011 dulcior
735 1952 791 2012 illo.

211 2033 230 2090 J
233 2035 378 2090 ucundum
392 2043 421 2090 et
434 2052 532 2090 carum
547 2033 648 2090 sterilis
662 2032 731 2090 faoit
744 2051 813 2090 uxor
827 2032 959 2090 amicum.

213 2113 272 2171 Sed
286 2125 334 2170 tua
347 2131 426 2169 nunc
441 2111 554 2188 Mycale
568 2113 659 2188 pariat
673 2112 748 2185 licet,
763 2123 791 2170 et
804 2131 906 2188 pueros
919 2124 977 2170 tres

177 2200 185 2210 “
211 2191 247 2250 Ιιι
261 2192 401 2269 gremium
414 2192 501 2268 patris
516 2192 615 2249 fundat
629 2191 732 2248 simul:
754 2192 813 2268 ipse
827 2191 938 2266 loquaci

210 2272 355 2331 Gaudebit
368 2271 452 2342 nido;
473 2271 591 2328 viridem
605 2272 721 2328 thoraca
731 2271 842 2347 jubebit

211 2351 327 2424 Afferri,
341 2351 529 2426 minimasque
543 2369 641 2421 nuces,
657 2369 805 2425 assemque
818 2360 957 2425 rogatum,

210 2431 258 2488 Ad
274 2449 400 2488 mensam
414 2431 523 2504 quoties
537 2430 674 2506 parasitus
688 2429 796 2487 venerit
809 2429 911 2488 infans.

250 2509 364 2568 Vilibus
374 2510 517 2586 ancipites
527 2509 607 2586 fungi
620 2522 761 2586 ponentur
775 2509 885 2582 amicis,

210 2587 327 2647 Boletus
341 2590 472 2659 domino;
494 2590 545 2647 sed
558 2590 671 2664 qualem
688 2589 827 2648 Claudius
840 2589 899 2648 edit
963 2621 966 2630 ·

210 2670 289 2726 Ante
300 2669 379 2725 illum
394 2669 498 2740 uxoris,
512 2681 672 2746 postquem
686 2669 726 2726 nil
741 2666 863 2744 amplirls
876 2667 943 2726 edit.

249 2747 333 2804 Virro
347 2747 400 2805 sibi
414 2759 443 2805 et
455 2747 569 2822 reliquis
583 2747 751 2805 Virronibus
765 2748 814 2806 illa
824 2747 934 2824 jubebit

209 2823 299 2884 Poma
312 2825 383 2898 dari,
397 2844 515 2902 quorum
530 2827 589 2885 solo
602 2826 726 2903 pascaris
739 2828 841 2896 odore3

208 2903 318 2966 Qualia
331 2917 483 2985 perpetuus
496 2905 650 2964 Phaeacum
664 2917 817 2963 autumnus
830 2905 962 2978 habebat,

209 2983 334 3050 Credere
348 3003 410 3060 quae
425 2985 515 3061 possis
528 2986 661 3062 subrepta
674 2985 815 3044 sororibus
830 2985 915 3042 Afris.

209 3063 259 3121 Tu
274 3064 369 3122 scabie
384 3064 485 3122 frueris
499 3064 576 3137 mali,
590 3066 665 3140 quod
679 3065 709 3122 in
724 3083 826 3141 aggere
840 3064 923 3138 rodit,

208 3142 271 3204 Qui
285 3143 390 3219 tegitur
403 3145 502 3220 parmai
516 3156 545 3202 et
558 3145 650 3220 geleta,
665 3156 850 3220 metuensque
864 3143 967 3221 flagelli

209 3221 303 3280 Discit
318 3224 353 3279 ab
367 3224 475 3280 hirsuta
486 3223 613 3300 jaculum
628 3235 757 3298 torquere
771 3224 887 3300 capella.

249 3301 379 3360 Forsitan
394 3302 529 3378 impensae
543 3303 694 3360 Virronem
708 3321 824 3379 parcere
838 3303 946 3360 credas.

209 3379 276 3440 Hoc
290 3381 358 3458 agit,
372 3393 403 3439 ut
417 3382 528 3440 doleas:
550 3401 616 3439 nam
630 3401 693 3457 quae
708 3382 857 3453 comoedia,
872 3382 976 3440 mimus

153 3486 156 3497 ·
209 3459 286 3520 Quis
301 3461 399 3519 melior
413 3460 543 3536 plorante
556 3461 645 3537 galat
686 3458 763 3538 Ergo
777 3461 873 3518 omnia
886 3461 968 3534 fiunt,

210 3540 243 3596 si
258 3540 362 3613 nescis,
377 3552 408 3598 ut
421 3559 471 3616 per
484 3540 624 3616 lacrymas
638 3541 783 3598 effundere
798 3539 883 3598 bilem

210 3618 339 3695 Cogeris,
353 3637 506 3696 pressoque
520 3619 570 3680 din
585 3621 702 3678 stridere
716 3619 825 3678 molari.

210 3695 259 3754 Tu
272 3698 325 3755 tibi
335 3699 406 3757 liber
421 3701 505 3757 homo
520 3711 548 3758 et
561 3701 636 3776 regis
650 3701 767 3758 conviva
781 3699 903 3758 videris:

210 3776 334 3852 Captum
348 3789 376 3836 te
390 3777 489 3837 nidore
503 3797 561 3836 suae
574 3788 654 3856 putat
668 3779 716 3836 ille
730 3779 833 3836 culinae
847 3797 853 3834 :
948 3787 951 3794 '

209 3853 277 3913 Nee
291 3855 365 3915 meld
381 3857 530 3933 conjectat.
571 3857 648 3920 Quis
662 3859 739 3916 enim
753 3868 810 3915 tam
824 3859 928 3930 nudus,
942 3857 1066 3916 utillum

210 3931 261 3994 Bis
274 3935 352 4008 ferat,
369 3935 522 3994 Etruscum
535 3956 624 4014 puero
636 3937 660 3994 si
676 3936 795 4015 contigit
809 3956 908 3996 aurum
