2628 4430
260 767 318 842 D.
357 767 534 846 JUNII
570 767 929 846 IUVENALIS

512 1029 677 1074 Asturum

409 1254 779 1324 SATIRARUM

441 1509 545 1562 LIBER
561 1509 727 1567 QUINTUS.

455 1945 612 2008 SATIRA
633 1945 720 2009 XIII.

137 2102 289 2162 Extincto
302 2105 490 2180 quodcunque
504 2105 577 2170 maio
591 2107 786 2178 committitur,
799 2107 853 2184 ipsi

109 2179 240 2260 Displicet
256 2183 371 2242 auctori.
413 2183 508 2242 Prima
521 2197 564 2244 est
578 2185 639 2242 haec
654 2185 730 2254 ultio,
745 2183 820 2260 quiid
834 2205 866 2244 se

106 2261 204 2340 Iudice
219 2281 304 2321 nemo
318 2281 424 2320 nocens
436 2264 596 2336 absolvitur,
612 2263 737 2340 improba
747 2264 874 2340 quamvis

103 2341 198 2400 Gratia
213 2342 308 2400 fallaci
322 2342 452 2400 Praetoris
461 2343 557 2403 vicerit
572 2344 652 2400 urnii.

103 2421 179 2483 Quid
194 2421 303 2480 sentire
316 2433 399 2496 putas
413 2441 521 2494 omnes
536 2421 664 2493 Salviae,
679 2421 788 2480 recenti

107 2498 146 2560 De
158 2501 277 2572 sceiere,
292 2513 320 2558 et
334 2501 399 2560 fidei
410 2501 518 2564 violate
529 2501 667 2562 crimine?
709 2502 766 2558 Sed
780 2519 835 2560 nec

110 2575 174 2636 Tam
187 2579 286 2638 tenuis
299 2599 406 2648 census,
415 2581 465 2649 tibi
479 2581 607 2664 contigit,
623 2591 651 2638 ut
666 2579 817 2641 mediocris

113 2656 226 2722 Iacturae
241 2671 269 2717 te
284 2677 343 2718 mer
364 2671 394 2718 at
404 2679 492 2727 onus,;
514 2678 568 2718 nec
582 2678 644 2718 rara
657 2659 794 2732 videmus,

111 2736 176 2799 Que
188 2739 304 2815 pateris.
344 2679 437 2796 Sosus
453 2739 547 2797 multis
561 2739 608 2796 hic
622 2739 760 2816 cognitus,
776 2758 811 2800 ac
820 2738 885 2820 jaut

110 2815 211 2891 Tritus,
222 2830 252 2876 et
264 2836 281 2893 e
294 2819 388 2880 medio
401 2817 533 2882 Fortunae
547 2819 649 2880 ductus
663 2837 771 2883 acervo.
1047 2819 1085 2882 1⁰

103 2895 245 2956 Ponamus
260 2897 362 2955 nimios
376 2898 513 2973 gemitus:
535 2897 696 2974 flagrantior
710 2918 789 2977 aequo

101 2973 168 3035 Non
182 2977 269 3034 debet
282 2976 360 3034 dolor
374 2997 436 3035 esse
450 2978 510 3049 viri,
525 2997 581 3035 nec
594 2979 709 3036 vulnere
723 2979 819 3054 major.

99 3054 152 3114 Tu
162 3055 291 3131 quamvis
303 3055 406 3114 levium
421 3056 568 3122 minimam
581 3057 768 3132 exiguamque
781 3055 922 3118 matorum

99 3133 275 3192 Particulam
289 3135 334 3190 vix
349 3135 419 3198 ferre
434 3146 522 3210 potes,
537 3134 732 3207 spumantibus
747 3135 850 3192 ardens

100 3212 277 3285 Visceribus,
291 3231 402 3272 sacrum
416 3213 467 3270 tibi
480 3210 557 3286 quod
570 3231 628 3270 non
642 3212 741 3270 reddat
754 3213 863 3270 amicus
1047 3213 1086 3274 15

99 3291 279 3369 Depositum.
321 3293 421 3368 Stupet
436 3293 507 3364 haeo,
518 3291 565 3366 qui
577 3290 635 3366 Jarn
649 3302 711 3366 post
724 3300 804 3366 terga
817 3289 930 3366 reliquit

99 3373 258 3448 Sexaginta
271 3391 370 3442 annos,
385 3369 503 3436 Fonteio
518 3369 642 3428 Consule
656 3371 758 3428 natusi

99 3454 151 3511 An
164 3451 236 3510 nihil
251 3452 281 3510 in
292 3451 392 3508 melius
406 3462 446 3509 tot
459 3469 553 3510 rerum
567 3449 679 3525 proficis
693 3450 765 3508 usui

99 3529 213 3608 Magna
225 3531 351 3606 quidem,
364 3531 451 3587 sacris
464 3548 527 3605 quae
540 3531 588 3590 dat
601 3541 740 3605 precepta
753 3527 864 3603 libeliis,

98 3610 215 3670 Victrix
228 3609 362 3677 Fortuna
377 3609 529 3686 Sapientia,
570 3607 710 3666 Ducimus
724 3621 830 3669 autern.
1045 3605 1088 3668 att

101 3689 167 3756 Hos
180 3708 290 3765 quoque
305 3687 411 3760 felices,
425 3689 472 3762 qui
487 3689 558 3746 serre
572 3687 751 3752 incommoda
763 3689 838 3761 vitae,

101 3769 170 3828 Nec
180 3769 287 3845 jactare
299 3769 409 3844 jugum,
421 3769 476 3826 vitti
490 3765 616 3826 didicire
630 3767 772 3844 magistri.

100 3848 180 3911 Quae
195 3858 254 3905 tam
268 3849 340 3906 festa
352 3847 423 3916 dies,
438 3857 469 3903 ut
482 3858 574 3907 cesset
588 3847 705 3922 prodere
721 3847 820 3920 furem,

102 3927 268 4000 Perfidiam,
282 3927 404 3998 fraudes,
418 3937 500 4004 atque
513 3927 592 3986 omni
605 3946 641 3986 ex
654 3926 773 3988 crimine
786 3926 897 3988 lucrum
