2628 4430
511 393 634 442 serlus
651 393 685 441 X.

108 537 262 609 Fatorum,
276 550 305 595 et
318 535 406 595 nimio
419 538 454 593 de
468 537 595 607 stamine,
610 555 695 610 quum
711 535 785 592 videt
798 534 871 593 acris

109 618 265 674 Antilochi
281 618 392 674 barbam
408 617 661 690 ardentemsquum
676 615 774 690 querit
787 615 822 670 ab
835 615 922 686 omni,

108 696 257 770 Quisquis
271 697 349 754 adest
362 696 465 765 socius,
480 713 529 751 eur
544 697 606 751 haec
620 694 648 750 in
664 705 788 769 tempora
803 694 895 766 duret,

107 775 204 836 Quod
221 775 331 832 lacinus
344 774 461 850 dignum
476 785 532 830 tam
543 773 628 847 longo
641 773 783 830 admiserit
798 774 876 830 aevol

109 854 189 910 Haec
204 855 304 911 eadem
318 853 430 924 Peleus,
449 864 557 928 raptum
572 869 658 926 quum
672 852 750 927 luget
764 851 916 924 Achillem,
991 874 996 884 ·

110 935 212 1008 Atque
226 934 307 1004 alius,
322 933 369 990 cui
384 932 424 988 las
438 931 567 989 Ithacum
581 933 678 1006 lugere
692 939 846 987 natantem.

109 1011 258 1070 Incolumi
271 1011 359 1086 Trojit
373 1010 501 1068 Priamus
514 1011 636 1068 venisset
650 1010 690 1066 ad·
700 1010 813 1066 umbras

111 1092 253 1148 Assaraci
266 1093 376 1166 magnis
390 1090 561 1161 solennibus,
576 1090 701 1146 Hectore
716 1090 801 1146 funus

111 1171 260 1242 Portante,
274 1189 308 1228 ac
322 1171 435 1244 reliquis
450 1171 564 1226 fratrum
579 1168 745 1239 cervicibus,
760 1169 832 1224 iuter

111 1249 239 1306 Iliadum
253 1249 400 1324 lacrymas,
415 1260 446 1306 ut
459 1251 562 1326 prImos
577 1249 660 1306 edere
673 1248 804 1323 planctus

110 1329 277 1386 Cassandra
291 1329 436 1404 inciperet,
451 1330 593 1402 scissaque
608 1326 749 1401 Polyxena
761 1326 845 1402 pallis,

113 1409 145 1465 Si
160 1409 233 1466 foret
247 1408 401 1464 exstinctus
416 1409 524 1464 diverso
538 1419 671 1483 tempore,
686 1425 741 1480 quo
754 1425 811 1463 non

113 1487 251 1562 Ceperat
264 1488 387 1543 audaces
402 1487 479 1544 Paris
494 1487 632 1544 aedificare
644 1487 761 1542 carinas.

115 1565 217 1641 Longa
228 1566 290 1622 dies
305 1566 389 1640 igitur
402 1567 468 1640 quid
483 1565 623 1623 contulitl
643 1565 737 1620 omnia
752 1563 820 1620 vidit

118 1643 231 1715 Erana,
245 1657 274 1701 et
288 1644 407 1702 flammis
423 1645 520 1712 Asiam
535 1645 661 1716 ferroque
675 1644 831 1700 cadentem.

120 1721 205 1780 Tunc
217 1723 300 1780 miles
314 1724 449 1780 tremulus
463 1723 553 1798 posita
566 1723 631 1780 tulit
646 1740 722 1778 arma
735 1723 818 1792 tiara,

118 1800 154 1859 Et
167 1804 222 1860 ruit
237 1814 302 1860 ante
318 1804 395 1859 ara'm
409 1803 510 1858 summi
525 1801 611 1871 levia,
628 1813 657 1856 ut
671 1801 779 1857 vetulus
793 1801 852 1873 bos,

115 1881 175 1942 Qui
190 1883 300 1940 domini
315 1882 411 1938 cultris
425 1894 510 1938 tenue
524 1893 553 1938 et
567 1880 723 1937 miserabile
737 1881 840 1938 collum

116 1957 236 2032 Praebet,
251 1961 287 2018 ab
300 1962 409 2036 ingrato
420 1963 478 2036 jam
492 1961 630 2017 fastiditus
644 1970 741 2016 aratro.

116 2037 216 2097 Exitus
233 2041 279 2096 ille
294 2051 436 2114 utcunque
450 2041 588 2097 hominis:
610 2041 659 2096 sed
673 2049 748 2096 torva
762 2039 866 2098 canino

119 2117 240 2176 latravit
254 2119 337 2189 rictu,
352 2137 414 2193 quae
427 2131 489 2194 post
503 2121 578 2175 hunc
592 2119 708 2188 vixerat,
722 2137 800 2174 uxor.

120 2195 234 2256 Festino
247 2198 283 2254 ad
298 2209 416 2266 nostros,
430 2210 458 2254 et
473 2215 567 2272 regem
581 2209 693 2252 transeo
707 2196 801 2266 Ponti,

117 2275 149 2334 Et
161 2277 307 2347 Croesum,
322 2295 404 2350 quern
416 2295 468 2332 vox
479 2277 546 2352 justi
560 2276 682 2332 facunda
697 2275 808 2331 Solonis

117 2355 274 2432 Respicere
288 2357 323 2412 ad
339 2356 429 2430 longae
441 2355 523 2432 jussit
536 2355 624 2431 spatia
639 2354 734 2410 ultima
748 2353 819 2410 vitea.

118 2433 264 2506 Exsilium,
280 2445 308 2491 et
321 2454 427 2505 carcer,
442 2435 706 2506 Minturnarumque
719 2431 845 2508 paludes,

120 2512 151 2570 llt
163 2515 345 2571 mendicatus
359 2513 433 2570 victis
447 2513 618 2588 Carthagine
632 2513 722 2586 panis,

124 2591 190 2651 lliuc
206 2611 309 2672 causas
324 2591 456 2649 habuere.
497 2593 578 2652 Quid
593 2591 639 2647 illo
653 2591 713 2646 cive
727 2589 836 2644 tulisset

126 2669 225 2729 Natura
239 2673 270 2729 in
284 2673 375 2741 terris,
390 2671 456 2744 quid
469 2670 563 2727 Roma
578 2670 685 2726 beatius
699 2687 833 2742 unquam,

125 2751 149 2808 Si
160 2752 357 2809 circumducto
371 2751 542 2826 captivorum
556 2750 677 2826 agmine,
692 2762 720 2806 et
733 2747 810 2805 omni

119 2829 257 2888 Bellorum
272 2829 384 2905 pompa,
399 2831 524 2907 animam
534 2830 691 2886 exhalasset
704 2828 836 2902 opimam,

116 2908 213 2970 Quum
228 2909 265 2965 de
280 2907 441 2966 Teutonico
454 2909 536 2965 vellet
550 2909 722 2966 descendere
736 2909 843 2964 currul

116 2987 235 3046 Provida
250 2987 384 3064 Pompeio
398 2989 512 3044 dederat
526 2988 682 3063 Campania
696 2987 788 3044 febres

115 3065 280 3144 Optandas:
301 3068 351 3123 sed
365 3067 460 3122 multae
474 3067 557 3121 urbes
571 3079 598 3122 et
613 3067 725 3140 publica
738 3075 801 3120 vota

116 3145 264 3203 Vicerunt.
305 3144 394 3221 Igitur
409 3143 533 3200 Fortuna
547 3143 634 3218 ipsius
647 3157 676 3198 et
689 3142 772 3198 Urbis

116 3224 263 3282 Servatum
278 3225 351 3282 victo
365 3233 449 3298 caput
463 3223 584 3278 abstulit.
626 3221 690 3277 Hoc
704 3218 830 3276 cruciatu

114 3303 264 3374 Lentulus,
278 3304 333 3360 halo
346 3304 430 3378 poena
445 3301 535 3358 caruit
548 3299 705 3374 ceciditque
716 3297 860 3371 Cethegus

114 3381 241 3458 Integer,
255 3393 284 3438 et
294 3382 382 3458 jacuit
397 3381 520 3438 Catilina
533 3381 667 3438 cadavere
681 3389 747 3435 toto.

155 3461 289 3518 Formam
302 3472 378 3536 optat
393 3461 503 3518 modico
515 3459 618 3535 pueris,
632 3458 736 3532 majore
749 3457 852 3532 puellis*

116 3537 275 3610 Murmure,
289 3545 374 3614 quum
389 3540 509 3596 Veneris
523 3539 619 3595 fanum
633 3539 707 3594 videt
721 3537 804 3594 anxia
819 3546 916 3608 mater,

115 3617 212 3694 Usque
227 3620 262 3676 ad
277 3619 392 3676 delicias
405 3630 538 3676 votorum.
579 3615 638 3673 Cur
651 3611 756 3687 tamen,
771 3617 870 3692 inquit,

117 3699 280 3774 Corripiasl
301 3697 424 3754 Pulchra
438 3699 543 3773 gaudet
557 3696 665 3754 Latona
678 3696 781 3753 Diana.

118 3777 175 3835 Sed
191 3787 266 3834 vetat
278 3777 366 3852 optari
381 3776 481 3832 faciem
496 3775 637 3847 Lucretia,
651 3775 761 3850 qualem

117 3855 184 3932 Ipsa
198 3857 312 3912 habuit.
334 3869 449 3930 cuperet
464 3855 569 3912 Rutilae
580 3853 710 3930 Virginis
723 3854 838 3928 gibbum

118 3936 270 4011 Accipere,
284 3949 366 4009 atque
380 3953 459 3992 suam
474 3933 580 3992 sutile
594 3935 670 3991 dare.
711 3932 801 3990 Filius
815 3943 910 3990 autern
