2628 4430
217 376 256 436 64
515 375 547 424 D.
563 375 659 424 turult
675 373 870 424 Juvurvttrs

218 517 360 596 Tempora
373 517 518 588 viderunt;
543 519 594 576 hos
608 519 716 594 liguum
731 518 823 576 stabat
836 515 865 574 in
879 535 956 590 usus,

218 597 365 667 Anuomm
379 596 403 654 si
417 596 486 655 forte
501 616 604 654 nucem
616 597 756 673 dejecerat
770 595 871 654 Eurus.

218 676 259 734 At
272 694 349 733 nunc
362 675 493 734 divitibus
507 676 638 734 coerrandi
652 675 729 732 nulla
742 676 877 751 voluptas,

218 753 268 812 Nil
282 754 424 828 rhombus,
439 754 478 811 nil
493 756 576 812 dama
590 754 680 830 sapit:
700 765 797 831 putere
809 754 938 811 videntur

218 833 371 910 Unguenta
384 845 465 910 atque
479 853 559 906 rose,
572 833 643 892 latos
657 833 711 890 uisi
725 834 844 890 sustinet
857 833 939 890 orbes

218 911 334 970 Grande
347 911 426 983 ebur,
437 923 466 970 et
481 931 583 988 magno
596 911 724 968 sublimis
737 913 840 988 pardus
854 912 943 984 hiatu,

219 989 359 1050 flentibus
372 1009 408 1048 ex
421 991 484 1063 iliis,
498 1011 567 1068 quos
580 992 664 1048 mittit
677 1005 755 1066 porta
769 991 887 1066 Syenes,

219 1068 257 1126 Et
270 1069 363 1127 Mauri
377 1070 493 1142 celeres,
507 1082 536 1130 et
550 1069 650 1128 Mauro
663 1069 806 1128 obscurior
820 1067 923 1148 Indus,

219 1147 257 1208 Et
271 1167 341 1223 quos
354 1149 482 1224 deposuit
494 1149 631 1207 Nabataeo
645 1149 739 1208 bellua
754 1149 834 1220 saltu,

220 1212 285 1284 iarn
301 1227 412 1299 nimios,
426 1229 566 1304 capitique
576 1247 682 1304 graves.
725 1227 803 1286 Hinc
818 1228 906 1303 surgit
918 1225 1021 1299 oreris,

220 1305 299 1364 Hinc
313 1307 457 1364 stomacho
470 1307 550 1364 bilis:
571 1326 636 1384 nam
650 1327 700 1381 pes
715 1317 864 1384 argenteus
879 1305 943 1378 illis,

220 1384 354 1446 Annulus
368 1385 397 1442 in
411 1385 499 1460 digito
509 1387 582 1461 quod
598 1386 712 1444 ferreus.
754 1383 830 1461 Ergd
846 1385 997 1460 superbum

220 1457 375 1520 Convivam
390 1483 485 1535 caveo,
499 1465 546 1540 qui
561 1483 606 1524 me
621 1465 674 1522 sibi
688 1477 841 1539 comparat,
857 1475 886 1522 et
899 1481 945 1522 res

221 1541 350 1618 Despicit
363 1541 488 1618 exiguas.
530 1541 612 1600 Aded
628 1543 705 1602 nulla
719 1544 803 1600 uncia
817 1542 900 1609 nohis¹

221 1606 272 1677 Est
282 1621 383 1694 eboris,
395 1640 449 1680 nec
463 1622 590 1696 tessella,
605 1641 659 1680 nec
673 1621 799 1680 calculus
812 1641 848 1680 ex
861 1621 917 1678 hta

220 1697 359 1756 Materid:
379 1701 446 1775 quin
461 1701 521 1778 ipsa
532 1701 680 1760 manubria
692 1701 867 1761 cuitellorum

220 1777 319 1836 Ossea.
359 1777 428 1838 Nou
442 1791 537 1838 tamen
552 1781 595 1838 his
609 1780 665 1836 ulla
679 1800 801 1855 unquam
815 1777 931 1855 opsonia
944 1777 1018 1836 fiuut

219 1857 393 1930 Rancidula,
407 1870 456 1916 aut
468 1860 533 1916 ideo
546 1860 623 1934 pejor
636 1859 741 1934 gallina
755 1871 873 1914 secatur.

221 1937 279 1999 Sed
290 1955 345 1993 nec
357 1948 477 1994 structor
490 1938 552 2008 erit,
564 1938 610 1994 cui
625 1937 725 1994 cedere
740 1937 841 1994 debeat
855 1935 947 1997 omnis

221 2013 353 2090 Pergula,
365 2015 519 2092 discipulus
533 2013 672 2092 Trypheri
687 2016 818 2088 doctoris,
834 2015 907 2091 apud
921 2031 1005 2090 quem

221 2094 340 2151 Sumine
354 2113 419 2151 cum
433 2114 536 2186 magno
549 2095 638 2170 lepus,
650 2105 732 2170 atque
747 2113 822 2170 aper,
837 2105 865 2152 et
878 2111 1027 2170 pygargus,

220 2171 258 2250 Et
272 2173 413 2248 Scythica
427 2174 561 2248 volucres,
576 2186 604 2232 et
617 2173 843 2249 phoenicopterus
858 2172 968 2250 ingena,

220 2251 258 2310 Et
270 2252 397 2309 Gaetulus
409 2272 486 2328 oryx,
502 2253 594 2310 hebeti
608 2253 764 2310 lautissima
775 2253 846 2309 forro

221 2331 356 2404 Caeditur,
370 2343 399 2388 et
412 2332 470 2389 toti
484 2344 564 2390 sonat
577 2331 671 2391 ulmea
685 2351 766 2390 crena
780 2331 901 2388 Suhurd.

220 2409 285 2467 Nec
298 2411 416 2468 frustum
430 2429 538 2486 capreae
552 2411 719 2482 subducere,
734 2429 789 2467 nec
802 2410 876 2467 latus
889 2410 968 2468 Afro

220 2489 308 2549 Novit
321 2489 379 2546 avis
392 2502 485 2547 noster
500 2489 666 2560 tirunculus
679 2507 713 2546 ac
726 2489 803 2546 rudis
816 2488 893 2546 omui

220 2567 372 2645 Tempore,
387 2580 416 2626 et
429 2569 538 2645 exiguae
553 2569 632 2626 surtis
644 2569 768 2628 imbutus
780 2568 880 2626 osellae.

220 2646 349 2704 Plebeios
362 2647 474 2719 calices,
489 2660 517 2704 et
530 2647 627 2724 paucis
641 2647 749 2704 assibus
763 2659 871 2722 emptos
979 2714 984 2724 Ι
1137 2642 1198 2703 lto

220 2725 348 2800 Porriget
361 2726 484 2784 incultus
497 2745 576 2802 puer,
591 2737 673 2800 atque
688 2746 704 2781 a
719 2726 819 2800 frigore
834 2737 926 2784 tutus:

219 2803 287 2860 Non
302 2803 405 2878 Phryx,
419 2815 467 2860 aut
480 2801 595 2878 Lycius,
610 2823 666 2860 non
681 2824 697 2860 a
711 2803 851 2880 mingens
864 2803 968 2880 petitus

219 2880 379 2956 Quisquam
392 2881 454 2953 erit,
468 2893 497 2940 et
510 2901 620 2960 magno.
661 2883 760 2944 Quum
774 2899 883 2958 posces,
897 2901 982 2957 posce
995 2879 1108 2940 Latiari.

220 2958 302 3036 idem
316 2961 427 3018 habitus
445 2961 566 3032 cunctis,
580 2961 662 3035 tonsi,
676 2961 801 3037 rectique
816 2960 919 3035 capilli,

219 3039 315 3114 Atque
328 3040 411 3096 hodie
425 3037 535 3097 tantum
548 3051 659 3115 propter
673 3039 802 3098 convivia
814 3039 886 3116 pexi.
1138 3037 1196 3098 15⁰

220 3117 343 3176 Pastoris
356 3119 419 3175 duri
433 3117 480 3175 hic
494 3131 535 3175 est
549 3119 632 3190 filius,
647 3119 693 3176 ille
708 3117 831 3176 bubulci.

221 3197 350 3273 Suspirat
363 3197 447 3274 longo
460 3215 516 3256 non
531 3197 617 3254 visam
631 3209 755 3273 tempore
770 3209 898 3268 matrem,

220 3274 257 3333 Et
270 3275 395 3334 casulam
409 3287 438 3334 et
451 3289 531 3334 notos
544 3277 629 3334 tristis
643 3275 785 3335 desiderat
799 3273 904 3348 haedos,

219 3353 342 3430 Ingenui
356 3356 448 3413 vultris
461 3375 540 3431 puer,
555 3356 725 3430 ingenuique
739 3355 862 3432 pudoris,

218 3431 329 3493 Quales
342 3453 404 3492 esse
418 3436 510 3504 decet,
524 3453 593 3508 quos
607 3435 708 3490 ardens
721 3453 844 3512 purpura
858 3433 988 3492 vestit-
1137 3433 1198 3506 155

220 3511 278 3568 Hic
291 3511 342 3568 tibi
356 3513 421 3570 vina
434 3512 520 3582 dabit,
535 3513 636 3569 diffusa
646 3513 675 3570 iu
690 3514 831 3572 montibus
844 3512 910 3584 illis,

219 3589 248 3646 A
262 3590 364 3664 quibus
377 3591 436 3666 ipse
450 3593 535 3662 venit,
549 3609 668 3665 quorum
682 3593 734 3648 sub
749 3592 852 3648 vertice
866 3591 948 3648 lusit:

220 3665 352 3743 Namque
365 3687 423 3726 una
437 3681 519 3744 atque
533 3670 633 3726 eadem
646 3682 688 3727 est
702 3672 759 3742 vini
772 3671 861 3746 patria
875 3681 957 3746 atque
971 3667 1142 3728 ministri.—

220 3745 288 3804 Non
302 3747 378 3822 capit
391 3749 441 3804 has
455 3767 545 3823 nugas
559 3749 671 3805 humilis
685 3751 792 3806 domus.
833 3748 942 3804 Audiat
956 3745 1002 3804 ille

220 3823 371 3900 Testarum
384 3827 507 3901 crepitus
521 3845 585 3882 cum
598 3827 697 3898 verbis,
712 3829 818 3884 nudum
834 3827 908 3884 olido
922 3836 1000 3894 stans
1138 3827 1196 3896 160

220 3901 342 3960 Fornice
356 3905 527 3980 mancipium
541 3906 642 3980 quibus
656 3907 792 3974 ahstirrot3
816 3905 861 3962 illc
877 3905 982 3964 fruatur
