2628 4430
222 375 259 423 :m
533 365 678 414 neuun
694 366 884 416 Jnvuuams
903 351 906 360 '

222 510 349 566 blordeat
364 507 429 566 unte
444 509 551 582 aliquis,
566 509 698 583 quidquid
713 510 865 584 porrexerit
879 509 936 581 illa,

219 590 295 650 (lure
309 591 432 664 peperit:
454 590 567 645 timidus
582 599 730 662 praegustet
744 589 844 663 pocula
856 609 967 664 puppas.

143 720 154 737 ,
222 659 368 743 Fingimus
383 669 452 738 hac,
468 668 553 723 altum
570 668 661 724 Satira
676 679 804 723 sumente
818 662 986 725 dothurnum

221 748 346 816 Scilicet,
361 760 397 815 et,
414 747 498 802 linem
512 747 615 820 egressi
630 747 774 820 legemque
789 747 921 820 priorum,

219 827 333 882 Grande
350 825 506 900 Sophocleo
520 843 632 880 carmen
649 826 819 881 bacchamur
835 825 932 897 hiatu,¹

65 943 68 952 ·
137 905 141 968 J
187 903 364 974 ⁴lllontibus
376 905 499 979 ignotum
515 903 639 974 Rutulis,
654 905 779 977 coeloque
793 904 902 962 Latino.

140 1015 144 1024 ·
220 983 280 1039 Nos
295 985 400 1040 utinam
416 983 495 1039 vani!
518 984 566 1039 sed
582 983 683 1040 clamat
697 983 805 1054 Pontia,
819 983 900 1055 Feci,
946 991 949 1000 '

209 1055 370 1132 Confiteor,
385 1063 531 1136 puerisque
547 1063 616 1117 nreis
630 1063 740 1119 aconita
752 1063 856 1138 paravi,
939 1105 943 1114 .
980 1070 983 1078 ’

218 1141 293 1201 Quas
308 1142 445 1216 deprensa
458 1153 570 1216 patent:
594 1141 701 1197 lacinus
715 1153 814 1197 tamen·
823 1143 882 1217 ipsa
894 1141 1000 1218 peregi.

122 1257 125 1262 ,
179 1225 183 1234 '
219 1213 305 1276 Tune
319 1221 390 1276 duos
403 1221 470 1291 una,
485 1221 636 1276 sevissima
649 1221 752 1295 vipera,
767 1222 869 1277 coemll

135 1358 139 1370 ,
219 1297 305 1356 Tune
320 1301 417 1356 duosl'
450 1299 573 1374 Septem,
588 1299 610 1354 si
625 1310 731 1374 septem
748 1297 818 1356 forte
833 1301 959 1357 fuissent.

218 1377 374 1434 Credamus
388 1379 509 1454 tragicis,
525 1379 658 1452 quidquid
674 1379 709 1448 de
724 1379 861 1435 Colchide
876 1380 953 1436 torva

127 1475 144 1498 ¹-
219 1455 330 1514 Dicitur
344 1471 371 1515 et
386 1457 512 1514 Procne:
535 1458 573 1513 nil
588 1455 686 1514 contrd
702 1477 797 1528 conor,
812 1469 840 1514 et
854 1459 907 1514 illae

124 1563 138 1598 ,’
218 1535 345 1592 Grandia
358 1549 481 1610 monstra
495 1537 707 1593 suis‘audebant
721 1538 907 1611 temporibus;
929 1537 979 1592 sed

116 1639 120 1647 ·
146 1645 148 1650 ·
218 1612 284 1672 Non
297 1629 409 1691 propter
423 1635 562 1674 nummos.
588 1614 699 1672 'Minor
714 1617 859 1696 admiratio
873 1616 990 1672 summis
1061 1641 1066 1650 ·

61 1747 64 1754 ⁴
140 1731 151 1764 ¹·
219 1694 346 1751 Debetur
361 1696 500 1763 monstris,
514 1696 621 1770 quoties
636 1692 702 1752 facit
717 1697 756 1752 ira
771 1706 920 1752 nocentem

219 1773 305 1829 Hunc
320 1794 426 1844 sexum,
441 1788 469 1830 et
483 1775 559 1831 rabie
572 1775 652 1849 jecur
667 1775 835 1831 incendente
851 1775 976 1830 feruntur

56 1849 58 1856 ’
133 1917 136 1924 ,
219 1852 398 1927 Praeoipites3
420 1866 450 1909 ut
463 1853 616 1928 saxa-jugis
631 1854 756 1928 abrupta,
771 1854 872 1928 quibus
886 1871 967 1910 mons

219 1933 406 2003 Subtrahitur,
422 1933 547 2006 clivoque
562 1933 633 1988 latus
648 1933 787 2006 pendente
803 1933 917 1988 recedit.

77 2005 80 2014 ⁴
173 2055 177 2064 ,
257 2011 336 2066 lllam
352 2031 404 2086 ego
419 2031 474 2068 non
490 2011 610 2082 tulerim,
624 2030 686 2086 quae
701 2023 852 2085 computat,
867 2022 895 2066 et
908 2010 1000 2066 scelus
1013 2009 1118 2085 ingens

130 2144 133 2156 ,
219 2090 295 2146 Sana
310 2091 383 2146 facit.
425 2091 560 2165 Spectant
575 2092 741 2146 subeuntem
758 2090 813 2145 fata
826 2090 919 2146 mariti

212 2170 364 2239 Alcestim,
379 2181 416 2239 et,
430 2170 528 2226 similis
542 2170 564 2225 si
578 2169 745 2244 permutatio
760 2170 849 2239 detur,

219 2247 310 2304 Morte
322 2251 372 2304 tiri
388 2250 502 2323 cupient
516 2251 636 2306 animam
651 2267 759 2304 servare
774 2249 889 2305 catellae.

218 2329 380 2385 Occurrent
393 2329 487 2383 multae
503 2327 551 2384 tibi
567 2328 678 2383 Belides
694 2337 775 2400 atque
790 2327 930 2402 Eriphylae

213 2405 326 2464 Mane:
347 2407 589 2480 Clytaemnestram
603 2407 696 2461 nullus
710 2425 766 2462 non
781 2405 859 2462 vicus
874 2405 994 2462 babebit.

219 2487 283 2544 Hoc
298 2483 404 2548 tantum
421 2486 513 2556 refu-rt,
528 2483 603 2560 qudd
617 2485 760 2558 Tyndaris
774 2485 821 2540 illa
837 2485 985 2560 bipennem
1066 2543 1068 2546 ,

220 2565 356 2622 lrrsulsam
371 2575 399 2621 et
416 2565 517 2620 fatuam
533 2566 630 2621 dextra
645 2565 773 2638 laevstque
788 2565 908 2621 tenebat.

219 2646 259 2702 At
274 2663 349 2700 nunc
363 2663 408 2700 res
422 2646 513 2719 agitur
527 2643 604 2700 tenui
619 2644 751 2720 pulmone
766 2643 887 2713 rubetae;

148 2757 152 2764 ·
220 2725 275 2780 Sed
294 2743 384 2780 tamen
399 2737 426 2778 et
442 2724 521 2792 lerro,
534 2725 555 2778 si
570 2723 751 2798 pregustubit
765 2722 880 2778 Atrides

182 2855 185 2860 .
219 2799 337 2859 Pumice
351 2813 391 2858 ter
406 2801 471 2858 victi
484 2814 583 2858 cautus
596 2800 785 2858 medicamine
798 2800 879 2876 regis.
