2628 4430
265 673 323 748 D.
362 672 538 749 JUNll
576 672 930 748 JUVENALIS

518 933 680 978 mutuante

414 1158 784 1229 SATIRARUM

453 1413 557 1462 alana
572 1413 743 1472 QUARTUS.

490 1848 647 1908 SATIRA
667 1849 705 1908 X.

146 2006 294 2066 Omrrrnus
308 2005 338 2064 in
353 2007 445 2080 terris,
459 2027 522 2083 quae
537 2020 605 2066 sunt
618 2029 634 2066 a
647 2009 777 2067 Gadibus
791 2027 880 2085 usquc

118 2085 253 2145 Auroram
267 2096 296 2143 et
309 2085 441 2163 Gangen,
455 2087 538 2163 pauci
553 2088 852 2164 dignoscerepossunt

118 2164 183 2224 Vera
194 2167 272 2224 bona
286 2176 368 2240 atque
382 2165 436 2222 illis
450 2163 570 2224 multdm
585 2167 704 2236 diversa,
719 2169 826 2226 remota

115 2243 220 2304 Erroris
236 2243 349 2303 nebulai.
389 2243 561 2309 Quidenim
576 2246 684 2302 ratione
699 2246 840 2318 timemus,

113 2325 168 2382 Aut
181 2324 334 2401 cupimusl
353 2323 420 2398 quid
434 2336 491 2381 tam
507 2325 604 2382 dextro
618 2324 690 2401 pede
704 2325 841 2402 concipis,
855 2336 886 2384 ut
898 2334 928 2384 ts

113 2401 238 2462 Conatns
251 2422 310 2460 non
324 2403 467 2478 poeniteat,
482 2404 592 2478 votique
607 2405 735 2480 peractil

114 2479 245 2541 Evertdre
260 2483 358 2540 domos
371 2493 453 2553 totas,
467 2483 629 2556 optantibus
644 2482 720 2556 ipsis,

117 2559 152 2617 Di
163 2562 270 2620 faciles.
311 2559 451 2618 Nocitura
465 2563 541 2635 toga,
556 2561 686 2618 nocitura
700 2573 832 2643 petuntur
931 2560 936 2573 '

122 2637 222 2700 Mlius.
265 2639 393 2698 Torrens
407 2639 522 2696 dicendi
536 2639 617 2716 oopia
630 2640 734 2712 multis,
804 2628 814 2661 ³

108 2714 153 2777 'Et
164 2741 211 2779 sua
227 2717 370 2778 mortifera
382 2731 425 2776 est
440 2719 580 2776 facundia.
628 2719 744 2778 Viribus
758 2720 804 2780 ille

118 2798 244 2858 Confisus
258 2798 341 2876 periit
355 2798 581 2874 admirandisque
595 2799 715 2858 lacertis.

112 2879 167 2936 Sed
181 2879 278 2957 plures
290 2877 380 2934 nimia
393 2890 528 2954 congesta
541 2879 662 2956 pecunia
675 2881 744 2939 cura

110 2959 284 3035 strangulat,
299 2970 328 3016 et
341 2969 444 3016 cuncta
457 2977 628 3034 exsuperans
641 2960 809 3036 patrimonia
822 2979 937 3035 census,

109 3037 229 3098 Quanto
244 3036 383 3112 delphinis
398 3037 507 3094 balena
521 3037 687 3094 Britannica
699 3041 797 3113 major.

110 3117 303 3194 Temporibus
317 3115 384 3174 diris
398 3115 493 3192 igitur,
504 3115 638 3190 jussuque
653 3116 786 3187 Neronis,

110 3195 273 3274 longinum
288 3205 316 3252 et
329 3213 448 3270 magnos
462 3195 580 3250 Senecae
593 3194 746 3268 predivitis
759 3195 855 3252 hortos

111 3275 231 3348 Clausit,
249 3285 278 3332 et
290 3273 420 3350 egregias
433 3273 637 3331 Lateranorum
655 3273 765 3332 obsidet
779 3273 855 3330 tedes

112 3355 189 3414 Tota
202 3354 319 3414 cohors:
341 3373 420 3420 rarus
434 3351 552 3414 venitin
567 3352 715 3410 coenamla
725 3353 813 3411 miles.

112 3434 211 3493 Pauca
224 3431 295 3493 licdt
307 3444 400 3508 portes
414 3433 524 3509 argenti
537 3432 652 3490 vascula
664 3432 736 3509 pori,

112 3512 208 3573 Nocte
222 3513 275 3573 iter
289 3513 432 3588 ingressus
445 3512 571 3588 gladium
585 3525 757 3587 contumque
771 3512 893 3585 timebis,

113 3592 150 3652 Et
160 3603 244 3652 motae
258 3592 294 3651 ad
308 3591 405 3648 lunam
418 3591 570 3667 trepidabis
584 3592 730 3650 arundinis
744 3592 891 3650 umbram:

114 3671 249 3732 Cantabit
263 3688 367 3729 vacuus
381 3687 474 3728 coram
488 3670 595 3729 latrone
609 3671 704 3730 viator.

115 3751 210 3811 Prima
224 3749 284 3810 ferd
299 3760 362 3808 rota
374 3759 403 3806 et
415 3750 527 3808 cunctis
541 3750 687 3808 notissima
701 3748 813 3826 templis

20 3895 21 3900 η
114 3830 243 3901 Divitiae3
265 3839 395 3888 crescant
408 3839 439 3884 ut
452 3847 529 3904 opes,
543 3839 575 3886 ut
588 3830 710 3888 maxima
724 3839 783 3887 toto

114 3911 219 3972 Nostra
233 3910 270 3970 sit
284 3928 350 3967 arca
362 3907 446 4044 foro.4
457 3909 527 4022 'Sed
542 3909 621 3968 nulla
636 3908 748 3968 aconita
762 3907 895 3970 bibuntur
