2628 4430
229 359 269 418 62
541 359 573 406 n.
589 358 686 408 suun
703 357 898 408 Juvnrumns

230 501 302 560 Esse
313 502 397 560 velis:
418 521 473 560 nec
486 502 562 560 enim
577 502 692 560 loricam
707 503 797 577 poscit
813 501 933 558 Achillis

229 581 388 654 Thersites,
401 582 429 638 in
443 582 499 655 qud
514 601 543 637 se
559 583 759 640 transducebat
771 580 876 640 Ulixes,

231 661 394 736 Ancipitem
410 680 460 718 seu
475 671 504 716 tu
520 679 622 736 magno
636 661 797 717 discrimine
812 678 926 718 causam

231 739 381 815 Pretegcre
395 739 525 808 affectas3
548 752 574 796 te
589 739 715 809 consule,
730 740 776 796 dic
790 739 851 810 tibi,
864 739 912 814 qui
926 737 975 810 sis,

228 816 332 876 Orator
347 819 509 889 vehemens,
524 838 560 876 an
574 818 690 876 Curtius
704 830 732 876 et
746 817 776 874 M
781 821 845 875 atho
859 819 964 876 buccae.
1030 837 1053 858 ·

229 897 384 956 Noscenda
397 911 439 956 est
455 917 585 954 mensura
601 898 655 968 sui,
670 899 878 973 spectandaque
889 897 973 954 rebus

230 975 265 1034 ln
279 977 396 1036 summis
408 976 602 1056 mipimisque;
624 977 708 1034 etiam
724 996 808 1052 quum
825 977 909 1052 piscis
922 985 1041 1046 emetur,

228 1055 276 1113 Ne
290 1055 406 1114 mullum
422 1057 529 1131 cupias,
544 1076 629 1131 quum
645 1056 680 1114 sit
694 1055 743 1114 tibi
757 1055 841 1131 gobio
855 1053 965 1114 tantum

227 1133 264 1192 ln
278 1135 387 1196 loculis.
426 1135 504 1196 Quis
517 1137 594 1194 enirn
608 1146 646 1206 te,
662 1135 811 1192 deliciente
825 1133 972 1208 crumenis,

229 1207 267 1272 Et
279 1226 426 1272 crescente
439 1215 517 1289 gula,
533 1227 627 1272 manet
640 1215 749 1286 exitus;
771 1235 825 1272 aere
838 1227 955 1290 paterno
991 1280 995 1290 ¹

229 1292 276 1352 Ac
290 1294 374 1352 rebus
388 1295 487 1350 mersis
501 1295 529 1350 in
545 1307 681 1366 ventrem,
697 1293 810 1352 loenoris
824 1307 906 1369 atque

230 1373 351 1448 Argenti
364 1373 466 1449 gravis,
476 1385 505 1432 et
519 1393 662 1450 pecorum,
677 1371 1031 1448 agrorumque'capaucml

227 1449 349 1510 Talibus
363 1471 380 1512 a
393 1453 516 1510 dominis
530 1465 590 1520 post
603 1469 707 1510 cuncta
721 1453 888 1510 novissimus
901 1452 959 1510 exit

229 1531 373 1602 Annulus,
387 1543 416 1590 et
429 1532 517 1607 digito
532 1533 674 1590 mendicat
690 1531 776 1590 l’ollio
790 1531 875 1590 nudo.

229 1610 296 1670 Non
311 1612 471 1686 praemaluri
485 1611 605 1682 cinereS,
620 1631 674 1668 neo
690 1611 773 1671 sunus
788 1611 921 1668 acerbum

229 1689 378 1756 Luxuriae;
400 1691 449 1746 sed
465 1703 552 1748 morte
567 1687 657 1766 magis
668 1690 820 1748 metuenda
833 1701 973 1748 senectus.

227 1768 269 1829 Hi
284 1765 448 1844 plerumque
462 1771 581 1844 gradus:
603 1771 744 1827 conducta
758 1770 880 1844 pecunia
894 1769 995 1827 Romae

229 1845 267 1904 Et
281 1865 374 1904 coram
390 1849 512 1904 dominis
527 1849 718 1906 consumitur:
741 1847 807 1906 inde
824 1849 871 1904 ubi
885 1846 1012 1924 paulum,

229 1926 337 1984 Nescio
349 1926 426 2001 quid,
441 1942 577 2001 superest,
592 1939 620 1984 et
633 1928 718 2002 pallet
732 1927 844 1984 soeuoris
858 1941 965 1998 auctor,

134 2059 137 2066 ,
225 2005 290 2067 Qui
305 2005 413 2064 vertere
424 2007 524 2076 solum,
539 2006 623 2064 Baias
637 2019 665 2062 et
679 2007 714 2064 ad
728 2018 819 2063 ostrea
833 2017 958 2064 currunt.

229 2083 341 2142 Cedere
355 2105 476 2160 namque
491 2085 619 2160 sotejam
635 2105 691 2144 non
707 2099 748 2142 est
760 2086 892 2160 deterius,
906 2084 992 2162 qulam

230 2163 371 2240 Esquilias
385 2184 401 2222 a
416 2165 532 2223 ferventi
547 2166 666 2241 migrare
682 2166 803 2222 Subura.

230 2238 282 2301 Ille
296 2245 373 2302 dolor
387 2245 464 2302 solus
478 2243 595 2320 patriam
611 2245 793 2320 fugientibus,
809 2243 860 2326 illa,

230 2321 366 2380 Moestitia
380 2335 432 2394 est,
447 2324 571 2380 caruisse
585 2343 661 2380 anno
675 2323 859 2382 Circensibus
873 2343 939 2382 uno.

228 2397 385 2478 Sanguinis
399 2403 427 2460 in
443 2403 514 2460 facie
529 2423 586 2460 non
602 2404 688 2460 lueret
701 2415 795 2478 gutta:
817 2416 961 2462 morantur

230 2481 318 2540 Peuci
332 2483 482 2540 ridiculum
497 2482 677 2558 effugientem
692 2502 725 2540 ex
743 2481 816 2540 Urbe
828 2483 972 2558 pudorem.

269 2559 423 2636 Experiere
437 2562 531 2632 hodie,
546 2562 671 2637 nunquid
688 2561 875 2636 pulcherrima
888 2563 975 2633 dictu,

230 2639 354 2710 Persice,
366 2659 421 2700 nou
436 2653 565 2716 praestem
582 2641 637 2698 vite
651 2642 692 2698 vel
708 2642 832 2698 moribus
845 2654 874 2698 et
888 2661 933 2710 re;

228 2719 288 2776 Sed
302 2719 415 2776 laudern
428 2720 542 2794 siliquas
556 2721 684 2778 occultus
698 2739 806 2794 gane0;
829 2719 921 2794 pultes

228 2797 334 2856 Coram
349 2797 411 2856 nliis
422 2799 524 2857 dictum
541 2818 637 2872 puero,
653 2799 702 2854 sed
719 2799 747 2854 in
762 2818 829 2855 eure
843 2799 989 2874 placentas

229 2876 317 2949 Nam,
331 2895 417 2951 quum
432 2877 470 2934 sis
484 2877 601 2934 conviva
615 2877 683 2934 milri
698 2875 859 2952 promissus,
875 2877 991 2934 habebis

230 2955 404 3028 Evandrum,
419 2955 514 3032 venies
529 2955 705 3032 Tirynthius,
720 2967 767 3014 aut
782 2955 872 3014 minor
888 2956 933 3014 illo

231 3034 352 3112 Hospes,
365 3045 395 3093 et
408 3035 468 3111 ipse
482 3047 577 3092 tamen
591 3036 760 3111 contingens
773 3037 912 3112 sanguine
927 3035 1045 3094 coelum=

228 3114 311 3174 Alter
324 3114 414 3192 aquis,
428 3116 496 3172 alter
511 3113 631 3174 flammis
645 3116 681 3174 ad
695 3113 788 3174 sidera
802 3115 912 3172 missus.

230 3193 352 3253 Fercula
366 3213 444 3251 nunc
456 3195 522 3252 audi
537 3195 622 3252 nullis
635 3206 733 3252 ornata
747 3195 880 3254 macellis.

229 3271 275 3330 De
289 3273 441 3332 Tiburtino
456 3275 548 3330 veniet
561 3273 763 3349 pinguissimus
778 3293 845 3348 agro

228 3351 377 3424 Haedulus,
391 3364 420 3410 et
433 3364 491 3410 toto
504 3371 590 3428 grege
605 3353 722 3423 mollior,
738 3353 843 3410 inscius
859 3353 963 3426 herbe,

229 3429 363 3490 Necdum
377 3450 462 3490 ausus
476 3431 567 3507 virgas
582 3433 695 3490 humilis
709 3433 837 3490 mordere
851 3433 952 3502 salicti,

227 3507 289 3573 Qui
302 3511 365 3586 plus
378 3510 459 3568 lactis
472 3511 566 3582 habet,
579 3509 664 3586 qndm
678 3512 840 3586 sanguinis;
862 3522 891 3570 et
904 3509 1030 3570 montani

229 3587 379 3665 Asparagi,
394 3590 483 3664 posito
496 3609 566 3664 quos
579 3589 647 3665 legit
661 3591 753 3646 villica
768 3591 837 3648 suso.

227 3665 356 3726 Grandia
369 3682 503 3744 praeterea
517 3681 643 3743 tortoque
657 3669 779 3726 calentia
793 3670 868 3728 loeno

227 3743 292 3808 Ore
305 3748 407 3806 adsunt
419 3747 485 3822 ipsis
499 3768 564 3806 cum
581 3749 725 3818 matribus,
739 3761 768 3806 et
779 3761 895 3806 servatae

198 3862 203 3871 ·
229 3821 313 3884 Parte
326 3826 404 3896 anni,
418 3827 514 3901 quales
530 3827 640 3886 fuerant
653 3828 683 3884 iu
699 3829 810 3898 vitibus,
826 3847 906 3884 nure:

227 3901 383 3982 Signinum
398 3906 567 3981 Syriumque
581 3925 692 3982 pyrum,
707 3908 743 3964 de
757 3908 889 3964 corbibus
903 3905 994 3964 isdem
