2628 4430
209 361 249 418 11
419 393 421 400 x
517 344 549 408 ’1.
565 357 661 408 Junu
677 359 870 408 ruvsnnms

209 502 276 560 Non
291 501 392 560 babeat
405 514 541 574 matrone,
555 502 605 560 tibi
619 521 680 577 que
691 502 791 578 juncte
804 502 952 574 recumbit,

209 581 332 638 Dicendi
346 599 446 658 genus,
461 593 510 639 aut
524 594 635 638 curtum
650 599 777 641 sermone
791 592 880 640 rotato

151 715 154 720 .
208 659 354 736 Torqueat
366 662 554 737 enthymema,
568 677 622 718 nec
637 659 765 718 historias
777 661 848 718 sciet
861 679 975 730 1111111

209 739 267 798 sed
280 739 409 814 quedem
422 759 458 798 ex
471 739 548 798 libris
562 750 590 796 et
603 758 662 796 non
675 739 820 814 intelligat.
860 738 918 796 Odi

209 818 294 876 Hanc
307 835 370 893 ego,
384 837 446 896 quae
461 818 560 894 repetit
570 817 712 892 ,volvitque
726 818 893 876 Palemonis
906 828 1003 889 ortem,

209 897 325 954 Servati
339 917 447 974 semper
462 897 525 972 lege
538 908 567 954 et
580 896 687 954 ratione
695 897 838 972 loquendi,
943 941 946 949 .

208 973 378 1110 {pactosque
392 977 461 1034 mihi
473 987 552 1034 tenet
564 976 720 1050 antiquaria
734 993 838 1047 versus,

146 1055 148 1061 '
238 1073 273 1111 ec
286 1056 412 1114 curanda
424 1057 490 1116 viris
503 1056 592 1131 opicte
606 1055 724 1132 castiget
739 1055 836 1118 amice

207 1132 309 1192 Verba.
352 1135 549 1193 Soloecismum
562 1133 645 1192 licent
657 1133 755 1192 secisse
765 1135 872 1194 merito.

247 1211 295 1270 Nil
310 1233 366 1272 non
380 1213 515 1290 permittit
527 1213 627 1270 mulier
641 1212 703 1284 sibi,
717 1224 798 1290 turpe
808 1222 888 1288 putet
900 1212 951 1284 nil,

206 1289 309 1351 Quum
322 1292 426 1352 virides
438 1309 565 1368 gemmas
578 1291 649 1350 collo
667 1292 862 1363 circumdedit,
876 1303 905 1350 et
917 1309 1004 1368 quum

207 1371 334 1428 Auribus
347 1371 467 1432 extentis
480 1389 597 1446 magnos
611 1371 751 1428 commisit
764 1371 905 1430 elenchos.

207 1447 414 1508 intolerabilius
423 1449 496 1508 nibil
508 1461 562 1521 est,
576 1447 659 1526 qudm
674 1450 789 1513 soemine
801 1450 887 1508 dives.

229 1562 233 1571 ·
247 1527 360 1588 Interea
373 1529 447 1586 foede
460 1541 576 1605 aspectu
589 1529 762 1602 ridendaque
779 1529 867 1589 multo

208 1606 285 1664 Pane
298 1608 496 1680 tumetincies,
511 1621 559 1666 111
568 1607 688 1683 ‚pinguia
702 1607 860 1684 Peppaeena

208 1686 311 1761 Spirat,
325 1699 354 1744 et
367 1688 435 1744 binc
448 1687 545 1747 miseri
557 1687 698 1747 viscantur
713 1687 790 1747 labrr
803 1686 903 1747 meriti.

207 1765 255 1821 Ad
269 1767 412 1825 moechum
426 1767 519 1823 veniet
532 1767 586 1824 lore
602 1776 674 1824 cute.
715 1765 841 1827 Quando
855 1765 943 1824 videri

208 1843 277 1901 Vult
287 1844 406 1902 formosa
419 1845 514 1902 domii
534 1844 652 1910 mrecbis
666 1844 759 1902 foliotc
772 1857 912 1920 parentur.

208 1921 263 1983 His
275 1925 386 1996 emitur,
400 1923 534 2001 quidquid
547 1923 668 1998 graciles
680 1925 736 1980 huc
749 1924 857 1984 mittitis
871 1923 943 1982 Indi.
1002 1973 1005 1986 ,

207 1999 340 2060 Tandem
353 2003 441 2079 aperit
451 2003 570 2074 uultum,
584 2015 613 2058 et
627 2003 743 2060 tectoria
753 2003 842 2078 prIme
855 2001 981 2078 reponit:

207 2079 313 2158 Incipit
326 2082 451 2160 agnosci,
464 2093 549 2157 atque
564 2081 611 2138 illo
621 2080 695 2140 lscte
709 2081 826 2152 foretur,

207 2159 324 2238 Propter
336 2158 410 2238 qdod
423 2179 521 2218 secum
534 2161 654 2218 comites
664 2159 761 2218 educit
774 2161 884 2232 1111111,
964 2207 965 2210 ¹

207 2237 295 2296 Exsul
310 2239 524 2317 Hyperboreum
539 2240 563 2297 si
577 2239 732 2300 dImittetur
745 2241 780 2296 ed
796 2259 885 2300 axem.

208 2319 266 2378 Sed
279 2337 341 2394 quer
355 2319 468 2378 mutetis
481 2319 625 2377 inducitur
649 2331 731 2394 etque
746 2319 852 2378 fovetur

207 2396 266 2454 Tot
279 2398 524 2469 medicaminibus,
538 2407 683 2472 coctaeque
695 2397 814 2473 siliginis
826 2397 896 2456 offas

207 2477 364 2553 Accipiter
376 2477 507 2550 mndidae‚
522 2476 608 2534 facies
621 2477 740 2548 dicetur,
755 2495 791 2534 en
805 2477 905 2534 nicusi

246 2555 297 2612 Est
310 2555 430 2632 pretium
445 2575 530 2628 cure,
544 2553 656 2632 penitirs
669 2574 850 2632 cognoscere,
864 2565 922 2619 toto

206 2633 288 2694 Quid
302 2635 406 2693 fociant
419 2636 579 2712 agitentque
593 2635 647 2694 die.
688 2637 720 2692 Si
731 2645 814 2693 nocte
827 2635 943 2692 meritus

207 2714 332 2772 Aversus
342 2715 447 2789 jucuit3
468 2713 551 2790 periit
563 2713 686 2784 libraria,
699 2724 808 2788 ponunt

206 2791 346 2849 Cosmetee
360 2795 480 2864 tunicas,
495 2789 574 2852 tordd
589 2791 698 2852 venisse
710 2791 855 2850 Liburnus

206 2869 328 2942 Dicitur,
342 2882 371 2930 et
383 2889 480 2947 pcenes
494 2871 578 2928 alieni
591 2871 714 2946 pendere
727 2871 819 2928 somni

206 2948 340 3025 Cogitur:
362 2951 408 3008 hic
422 2951 524 3026 frangit
536 2949 648 3021 seruies,
663 2950 743 3008 rubet
757 2950 803 3008 ille
816 2949 942 3026 flagellis,

207 3027 265 3086 Hic
278 3029 404 3088 scutiod:
425 3040 500 3100 suut,
514 3046 577 3104 quae
590 3028 739 3088 tortoribus
752 3047 848 3092 onnus
860 3039 1001 3104 prestent.

206 3107 352 3180 Verberat,
367 3119 448 3184 utque
462 3108 550 3166 obiter
564 3108 664 3166 faciem
677 3107 755 3176 linit;
777 3109 855 3166 audit
868 3107 983 3180 emices,

207 3187 267 3243 Aut
280 3187 368 3244 latum
380 3189 463 3263 pictae
477 3187 560 3245 vestis
572 3187 731 3246 considerat
744 3205 854 3258 surum,

206 3264 244 3324 Er
257 3267 359 3336 caedit;
380 3267 456 3342 longi
468 3267 569 3342 relegit
582 3278 737 3332 transverse
751 3267 854 3337 diurni,

206 3343 244 3402 Et
259 3345 353 3418 caedit,
367 3346 457 3403 donee
470 3345 550 3402 iussis
564 3343 747 3416 cedentibus,
761 3344 832 3402 EXI

206 3421 322 3482 Intcnet
335 3425 513 3495 horrendum,
524 3423 583 3498 jem
598 3423 758 3498 cognitione
771 3423 893 3498 peracti.
930 3467 934 3490 ,

219 3513 223 3524 ’
244 3501 416 3561 Preiecturs
428 3502 531 3563 domins
543 3503 641 3558 Siculi
655 3521 712 3560 non
725 3503 817 3562 mitior
830 3502 904 3560 aut.

207 3579 284 3638 Nam
294 3581 318 3638 si
332 3581 477 3652 constiutit
500 3581 635 3655 solitoque
649 3579 796 3638 decentius
808 3591 886 3657 optet
967 3617 971 3627 ·

206 3659 319 3730 Omeri,
334 3671 363 3718 et
375 3670 511 3736 properet,
523 3659 636 3734 jamque
649 3669 825 3734 exspectetur
834 3659 865 3718 in
878 3660 974 3733 hortis,

207 3739 268 3796 Aut
281 3739 354 3814 epud
368 3737 467 3796 Isie'cae
477 3737 570 3814 potiris
583 3736 703 3805 sacraria
713 3739 800 3807 lenae3
883 3773 884 3778 κ

207 3816 339 3894 Disponit
351 3818 459 3876 crinem
473 3817 602 3884 laceretis
616 3817 677 3892 ipse
688 3816 796 3892 capillis

207 3894 295 3954 Nuda
308 3896 424 3955 humero
437 3895 540 3954 Psecas
553 3895 660 3966 infelix,
675 3895 813 3972 nudisque
823 3895 961 3955 mamillis.
