2646 4416
534 355 659 408 SATIRA
676 357 722 408 Vl.

161 493 278 553 Dixeris
291 495 354 554 heo
367 495 439 554 inter
454 498 593 556 varicosos
606 500 805 558 centuriones:

122 571 271 632 contium
285 592 412 630 cressum
426 575 499 632 ridet
512 576 663 634 Vulfenius
676 578 787 652 ingens,

122 649 159 708 Et
173 662 292 708 centum
306 651 422 708 Grecos
435 664 517 712 curto
531 665 664 712 centusse
677 655 786 714 licetur.

496 960 655 1022 snmnn
675 921 728 1022 v1.¹

432 1129 481 1178 AD
497 1128 641 1178 CAESIUM
658 1131 805 1182 ansutr.

133 1294 135 1298 s
162 1267 308 1328 Aeuom
318 1267 378 1346 jem
391 1269 491 1328 brume
504 1269 567 1330 soce
580 1282 618 1344 te,
632 1269 729 1346 Besse,
743 1275 871 1334 Sabinol
1007 1337 1009 1341 ,

121 1344 227 1405 Jnmne
240 1348 300 1424 lyra
312 1359 341 1404 et
354 1349 454 1406 tetrico
467 1349 562 1406 vivunt
576 1350 627 1408 tibi
640 1351 753 1425 pectine
766 1353 879 1410 chordas
890 1354 901 1412 l
1009 1339 1015 1356 ⁷
1122 1359 1135 1373 ‘

122 1423 199 1483 Mire
211 1426 306 1501 opifex
320 1427 446 1484 numeris
461 1439 584 1484 veterum
598 1429 750 1502 primordie
763 1449 867 1503 rerum,
1120 1456 1127 1464 ·

121 1505 218 1578 Atque
233 1522 339 1560 marem
353 1505 499 1580 strepitum
513 1504 577 1562 fidis
591 1506 746 1564 intendisse
760 1507 888 1566 Latine:

122 1579 194 1640 Mox
203 1581 323 1656 juvenes
337 1581 442 1656 agitare
453 1582 542 1657 jocos,
556 1593 585 1640 et
597 1583 698 1658 pollice
712 1585 831 1644 honesto
1042 1587 1045 1592 ’
1085 1585 1106 1646 5

122 1658 265 1734 Egregius
278 1658 378 1716 lusisse
391 1679 483 1716 senes.
524 1659 598 1716 Mihi
612 1680 690 1718 nunc
703 1661 792 1738 Ligus
804 1682 855 1720 orn

121 1736 246 1812 intepet,
261 1737 453 1812 hybernssque
467 1755 562 1794 meum
576 1756 664 1810 mare,
678 1740 734 1812 qui
747 1739 822 1796 letus
835 1741 937 1818 ingens

121 1812 201 1871 De'nt
213 1814 332 1889 scopuli,
346 1825 375 1872 et
388 1815 477 1872 mults
489 1815 567 1872 littus
580 1835 611 1872 se
624 1815 694 1874 valle
705 1827 839 1893 receptet.

121 1893 224 1949 Lunai
233 1900 347 1967 portum
361 1900 402 1950 est
415 1905 505 1966 opere
518 1911 691 1966 cognoscere,
707 1894 788 1952 cives.

6 1997 7 2000 ¹
120 1969 180 2028 Cor
190 1970 271 2046 jubet
286 1971 340 2028 hoo
354 1967 443 2042 Enni,
458 1981 602 2046 postquam
616 1971 764 2030 destertuit
777 1993 840 2036 esse
1069 1974 1106 2034 Ιθ

119 2045 280 2106 Maeonides
292 2048 421 2110 Quintus
433 2067 544 2123 perone
554 2068 591 2106 ex
604 2049 788 2127 Pythagoreo.
976 2119 981 2130 ι
1068 2083 1072 2090 -

120 2126 181 2184 Hic
194 2145 248 2204 ego
262 2143 379 2186 securus
393 2127 479 2202 vulgi,
493 2127 601 2200 etquid
614 2137 751 2202 praeperet
765 2129 870 2187 Auster

120 2203 226 2262 Infelix
239 2207 344 2280 pecori,
358 2223 475 2262 securus
489 2213 527 2274 et,
541 2205 662 2279 angulus
675 2203 722 2262 ille

120 2285 218 2341 Vicini
233 2293 328 2344 nostro
340 2283 406 2358 quie
419 2281 566 2359 pinguior:
586 2281 639 2338 etsi
653 2279 725 2340 nded
738 2300 837 2342 omncs
985 2345 987 2350 k

119 2361 272 2420 Ditescent
286 2361 340 2419 orti
353 2360 505 2436 pejoribus,
517 2377 606 2434 usque
620 2377 750 2418 recusem
1068 2364 1104 2422 15

120 2439 235 2496 Curvus
247 2439 284 2496 ob
298 2440 327 2496 id
340 2438 429 2496 minui
443 2437 533 2508 senio,
547 2449 596 2494 nut
608 2455 722 2502 coennre
736 2437 798 2496 sine
812 2448 899 2498 uncto
990 2481 995 2486 -
1058 2482 1062 2490 -

120 2519 160 2574 Et
173 2518 287 2593 signum
301 2517 331 2574 in
345 2517 445 2592 vapidi
458 2519 527 2574 nn'so
540 2515 666 2591 tetigisse
679 2516 789 2591 lugenti.

120 2595 272 2672 Discrepet
286 2595 329 2651 his
343 2595 422 2652 nlius.
464 2593 610 2664 Geminos,
625 2593 788 2668 horoscope,
802 2611 869 2654 vcro

120 2672 261 2730 Producis
274 2673 367 2747 genio.
408 2672 482 2730 Solis
496 2670 636 2728 natalibus
648 2682 692 2728 est
704 2671 764 2745 qui·
838 2717 841 2722 ,

120 2750 231 2827 Tinget
244 2751 306 2808 olus
319 2751 428 2807 siccum
442 2750 533 2806 munit
548 2749 624 2806 veser
638 2749 668 2806 in
682 2749 773 2808 calice
787 2749 893 2826 empti,
1063 2752 1104 2810 2⁰
1216 2787 1220 2794 ·

120 2827 187 2904 Ipse
202 2846 313 2886 snorum
327 2828 449 2886 irrorans
461 2827 566 2904 patine
579 2828 676 2902 piper:
697 2827 745 2885 hic
760 2829 834 2886 bone
848 2828 933 2888 dente

118 2905 249 2962 Grandia
262 2905 459 2981 magnanimus
471 2905 580 2981 peregit
591 2924 669 2980 puer.
710 2905 780 2964 Utar
792 2925 857 2982 ego,
871 2917 952 2977 utun

120 2983 187 3040 Nec
200 2984 332 3040 rhombos
345 2982 409 3040 ideo
422 2982 528 3040 libertis
540 3002 645 3058 ponere
658 2984 761 3056 lautus,

120 3059 188 3118 Nec
200 3072 313 3120 tenuem
328 3061 415 3120 solers
428 3061 573 3118 turdorum
587 3057 671 3116 nosse
685 3061 809 3118 salivam.

120 3135 218 3196 Messe
231 3149 313 3196 tenus
326 3138 438 3214 proprisi
450 3139 523 3209 vive,
534 3147 565 3194 et
577 3137 716 3212 generis,
731 3137 772 3194 fas
786 3146 838 3207 est,
1001 3191 1006 3198 ,
1064 3139 1104 3198 25

120 3215 231 3274 Emole.
271 3217 353 3278 Quid
367 3216 498 3273 metuasl
519 3231 599 3283 occo,
613 3224 642 3271 et
654 3231 737 3288 seges
751 3213 840 3270 sltern
852 3212 883 3272 in
897 3214 985 3272 herbt
998 3227 1050 3274 est.

121 3295 178 3351 Ast
191 3303 273 3352 vocnt
286 3294 411 3352 officinm
424 3312 431 3350 ι
452 3293 531 3350 trebe
543 3291 630 3366 ruptd·
639 3291 750 3350 Bruttis
763 3309 831 3348 sexu

95 3365 102 3379 '
120 3370 241 3429 Prendit
255 3372 364 3428 amicus
377 3372 468 3447 inops,
482 3387 725 3444 remque'omnem
739 3369 878 3444 surdaque
891 3378 956 3428 rote
1012 3433 1015 3438 ,

121 3447 258 3507 Condidit
272 3449 354 3507 Ionio
366 3468 372 3504 :
389 3449 466 3524 jacet
480 3449 539 3524 ipse
553 3448 582 3512 in
597 3447 698 3519 littore,
711 3458 741 3505 et
754 3445 813 3504 und

121 3525 261 3603 Ingentes
276 3527 312 3584 de
326 3545 418 3602 puppe
425 3527 490 3606 dei,
502 3526 616 3601 jamque
630 3525 712 3584 obvie
726 3525 831 3600 mergis
1065 3525 1105 3583 80

121 3605 210 3667 Costa
220 3605 288 3662 retis
301 3605 411 3662 locere.
452 3603 541 3660 Nunc
554 3615 584 3662 et
597 3603 632 3662 de
644 3605 754 3680 cespite
768 3603 831 3662 vivc
856 3634 859 3640 ·

121 3682 236 3759 Frange
250 3683 364 3755 aliquid,
378 3681 479 3756 largire
493 3681 583 3756 inopi,
594 3701 633 3738 ne
646 3682 738 3757 pictus
751 3681 862 3738 oberret
938 3699 941 3706 ’

121 3761 257 3818 Coeruled
271 3761 300 3818 in
315 3759 420 3817 tabule
462 3760 540 3816 ‘Sed
554 3775 665 3816 cunnum
681 3759 787 3816 funeris
800 3759 891 3816 heres

122 3838 260 3916 Negliget
272 3839 369 3909 iratus,
382 3832 459 3912 qudd
475 3855 534 3894 rem
548 3837 721 3894 curtaveris:
743 3854 821 3894 urnae
