2628 4430
226 369 266 430 56
535 367 567 415 D.
585 366 682 416 JUNll
698 366 891 416 JUVENALIS

229 509 266 568 Ut
278 509 413 586 captatori
427 522 537 570 moveat
550 509 661 568 fastidia
674 509 771 568 Cosso.

226 587 293 646 Non
307 589 406 646 eadem
421 589 477 646 vini
491 601 573 664 atque
589 589 654 660 cibi,
670 599 797 664 torpente
811 588 914 663 palato,

222 668 420 726 (laodic—-

422 764 489 806 nem
503 766 567 836 quae
580 755 717 806 cantante
731 746 869 820 voluptas,

226 825 269 884 Sit
282 821 350 883 licet
363 825 483 882 eximius
494 826 675 895 citharoedus,
688 825 757 880 sitve
772 825 919 896 Seleucus,

228 903 262 960 Et
274 905 376 978 quibus
389 904 486 962 aaran
500 923 560 962 mos
573 916 616 962 est
630 904 735 978 fulgere
750 903 865 960 lacerati
878 904 890 959 'l
942 944 948 955 .

223 982 304 1043 Quid
319 983 411 1054 refert,
426 984 521 1058 magni
535 984 632 1040 sedeat
644 982 700 1057 qud
713 992 791 1057 parte
804 982 915 1054 theatri,

223 1061 285 1122 Qui
299 1061 344 1118 xix
357 1062 516 1120 cornicines
528 1061 660 1120 exaudiat
673 1073 755 1136 atque
768 1062 899 1121 tubarum

224 1139 411 1198 Conceptusl
431 1142 552 1203 clamore
565 1160 636 1216 opus
649 1151 700 1212 est,
717 1152 748 1198 ut
761 1141 863 1198 sentiat
876 1140 963 1212 auris,

222 1218 320 1280 Quem
334 1220 410 1276 dicat
423 1220 531 1278 venisse
545 1239 624 1295 puer,
638 1231 705 1294 quot
719 1219 830 1276 nuntiet
844 1220 934 1278 horas.

140 1311 141 1322 ¹
224 1295 362 1355 Praeterea
378 1299 510 1356 minimus
523 1299 617 1374 gelido
628 1299 685 1374 jam
701 1317 816 1374 corpore
830 1299 945 1374 sanguis

224 1375 315 1433 Febre
329 1377 402 1434 calet
415 1377 493 1446 sold;
515 1378 681 1434 circumsilit
694 1378 807 1452 agmine
822 1378 895 1436 facto

223 1454 386 1520 Morborum
400 1475 484 1514 omne
498 1475 606 1532 genus:
627 1475 746 1530 quorum
761 1457 784 1512 si
798 1457 913 1514 nomina
927 1474 1047 1530 quaeras,

223 1531 383 1610 Promptids
396 1536 553 1610 expediam,
567 1545 634 1609 quot
647 1535 781 1592 amaverit
795 1535 901 1610 Hippia
914 1537 1041 1594 moechos

222 1611 303 1673 Quot
317 1613 473 1670 Themison
488 1633 577 1689 egros
591 1627 727 1672 autumno
739 1614 876 1672 occiderit
889 1632 957 1686 unc,

222 1689 304 1751 Quot
318 1691 429 1748 Basilus
442 1694 543 1764 socios,
558 1704 625 1766 quot
638 1693 889 1768 circumscripserit
904 1693 1007 1750 Hirrus

224 1767 348 1844 Pupillus
359 1789 445 1838 ;-—

454 1846 547 1920 citibs,
561 1861 628 1923 quot
642 1849 719 1906 villas
733 1851 873 1924 possideat
887 1869 974 1922 nunc,

223 1923 291 1998 Quo
304 1927 439 1984 tondente
453 1928 544 2002 gravis
556 1927 652 2002 juveni
666 1929 735 1984 mihi
751 1929 835 1986 barba
849 1930 973 1986 sonabat.

223 2002 276 2060 Ille
290 2004 415 2075 humero,
431 2006 476 2064 hic
491 2005 602 2076 lumbis,
618 2007 661 2062 his
675 2007 745 2064 cord
759 2007 869 2077 debilis,
885 2009 982 2066 umbos

224 2081 349 2139 Perdidit
362 2083 408 2140 ille
421 2085 527 2154 oculos,
540 2095 568 2142 et
581 2085 667 2142 luscis
681 2085 805 2144 invidet:
826 2087 909 2162 hujus

224 2160 332 2219 Pallida
344 2163 421 2220 labra
434 2163 530 2220 cibum
544 2164 688 2239 accipiunt
701 2165 797 2240 digitis
811 2165 918 2224 alienis.

223 2238 288 2314 lpse
302 2241 337 2297 ad
351 2253 532 2317 conspectum
546 2261 636 2300 coenae
649 2244 784 2302 diducere
798 2245 899 2302 rictum

224 2319 337 2390 Suetus,
352 2319 410 2377 hiat
423 2319 543 2393 tenthm,
557 2341 610 2378 ceu
625 2323 717 2396 pullus
731 2323 900 2394 hirundinis,
914 2324 950 2380 ed
964 2343 1050 2398 quem

223 2396 283 2454 Ore
294 2398 366 2456 volat
379 2399 463 2473 pleno
476 2413 565 2458 muter
577 2400 682 2476 jejuna.
724 2402 781 2458 Sed
795 2402 871 2461 omni

224 2473 415 2534 Membrorum
430 2479 533 2536 damno
548 2480 633 2554 major
648 2480 799 2552 dementia,
813 2486 875 2554 quae
889 2499 944 2538 nec

223 2553 348 2612 Nomina
361 2577 513 2628 servorum,
527 2577 582 2616 nec
596 2559 702 2616 vultum
716 2561 845 2634 agnoscit
858 2560 953 2633 amici,

223 2631 299 2690 Cum
312 2654 367 2710 quo
379 2637 521 2712 praeterith
533 2639 655 2696 coenavit
668 2649 769 2707 nocte3
790 2657 845 2696 nec
858 2639 930 2709 illos,

223 2711 305 2771 Quos
319 2715 426 2787 genuit,
440 2734 509 2788 quos
521 2715 626 2773 eduxit.
668 2716 743 2772 Nam
759 2717 858 2774 codice
872 2736 945 2774 saevo
1145 2717 1206 2777 230
1303 2717 1304 2756 ἶ

222 2789 361 2848 Heredes
375 2803 449 2850 vetat
462 2811 523 2852 esse
538 2813 618 2861 suos;
640 2794 714 2850 bona
728 2805 786 2852 tota
800 2796 926 2854 feruntur

224 2869 271 2926 Ad
286 2868 421 2928 Phialen:
441 2868 551 2930 tanthm
565 2872 680 2930 artificis
694 2873 767 2930 valet
780 2873 883 2932 halitus
895 2874 962 2946 oris,

222 2947 310 3008 Quod
325 2960 438 3008 steterat
452 2951 547 3008 multis
560 2951 590 3008 in
604 2969 718 3008 carcerc
733 2952 847 3010 fornicis
861 2953 951 3012 annis.

223 3025 261 3093 Ut
275 3027 386 3102 vigeant
399 3049 498 3088 sensus
511 3030 607 3102 animi,
622 3030 753 3088 ducende
766 3043 861 3088 manen
874 3042 940 3090 sunt
960 3056 962 3066 ¹
1026 3055 1027 3058 ¹

223 3105 337 3164 Funera
350 3119 488 3180 natorum,
502 3129 586 3184 rogus
600 3109 799 3184 adspiciendus
813 3121 911 3168 amatae
1143 3111 1202 3170 235

222 3185 360 3261 Conjugis
373 3198 402 3244 et
415 3188 516 3258 fratris,
527 3188 672 3262 plenaeque
686 3190 825 3246 sororibus
838 3209 925 3247 urnae.

224 3263 296 3321 Haec
310 3266 375 3324 data
387 3285 471 3341 poena
484 3264 534 3324 dih
549 3267 713 3338 viventibus,
728 3278 768 3339 ut,
783 3269 914 3326 renovatd

223 3342 342 3418 Semper
356 3345 436 3402 clade
451 3346 559 3416 domds,
573 3347 668 3402 multis
681 3347 711 3402 in
724 3346 856 3418 luctibus,
871 3348 955 3421 inque

223 3421 363 3496 Perpetuo
377 3443 503 3494 moerore,
518 3434 546 3482 et
560 3424 641 3498 nigrd
655 3436 731 3483 veste
749 3436 906 3482 senescant.

224 3499 291 3556 Rex
304 3500 410 3576 Pylius,
424 3521 527 3576 magno
541 3502 564 3560 si
577 3502 728 3576 quidquam
740 3503 832 3560 credis
847 3503 982 3578 Homero,

224 3577 391 3654 Exemplum
406 3581 469 3638 vitae
484 3581 535 3638 luit
549 3601 565 3638 a
578 3582 691 3638 cornice
702 3583 845 3639 secunde.

224 3655 306 3714 Felix
320 3659 462 3730 nimirum,
475 3659 522 3734 qui
537 3671 577 3718 tot
589 3679 638 3734 per
651 3661 755 3718 secula
768 3671 886 3719 mortem

224 3735 348 3808 Distulit,
364 3751 446 3812 atque
460 3757 524 3795 suos
535 3739 593 3814 jem
608 3738 705 3794 dextri
718 3750 861 3814 computat
874 3759 972 3810 annos,

222 3812 340 3887 Quique
354 3836 455 3873 novum
470 3817 553 3874 toties
566 3828 686 3874 mustum
702 3817 779 3874 bibit.
820 3818 889 3888 Oro,
903 3838 1052 3896 parumper

224 3891 373 3965 Attendas,
387 3893 523 3968 quantdm
536 3897 571 3954 de
585 3896 695 3972 legibus
709 3897 769 3970 ipse
782 3908 912 3972 queretur
