2628 4430
238 373 279 434 ω
548 371 581 420 n.
598 371 694 420 Juuu
711 369 906 424 Juvsuams

239 513 277 574 Ilt
291 515 363 574 male
378 534 524 592 percussas
538 515 652 574 textoris
665 515 777 592 pectine
790 515 864 574 Galli

240 595 416 670 Accipimus,
431 607 515 652 tenue
527 605 674 670 argentum
689 614 821 670 venisque
836 596 1018 653 secundm.—

238 675 326 736 Quod
341 685 435 732 tamen
451 673 567 730 ulterius
583 684 748 744 monstrum,
762 673 845 750 qudm
860 675 951 734 mollis
965 675 1091 734 avarunt

240 751 312 811 llaec
326 752 419 826 tribui,
434 753 537 810 deinde
551 753 598 810 illa
611 753 686 825 dedi,
702 771 765 810 mox
778 753 858 828 plura
871 753 966 812 tulisti.

239 831 391 908 computat
404 851 438 890 ae
451 842 541 890 oevet.
582 831 705 888 Ponatur
719 832 855 903 calculus,
868 833 962 890 adsint

239 911 314 969 Cum
326 912 421 970 tebald
435 911 532 988 pueri:
554 930 671 968 numera
686 911 811 968 sestertia
824 911 946 986 quinque

237 988 380 1048 Omnibus
394 991 423 1048 in
437 991 538 1048 rebus:
560 1001 741 1048 numerentur
756 990 858 1047 deinde
880 989 1041 1048 labores.-

238 1069 297 1126 Vos
311 1069 414 1127 humili
423 1070 566 1142 assecula,
581 1089 629 1127 vos
642 1069 823 1146 indulgebitis
836 1088 960 1144 unquam

236 1145 358 1220 Cultori,
370 1149 427 1225 jam
441 1169 496 1206 neo
509 1150 606 1206 morbo
619 1150 724 1206 donare
737 1149 826 1224 parati
837 1150 889 1204 l·-

239 1227 304 1300 Dio,
318 1248 422 1304 passer,
437 1229 484 1286 oui
498 1239 539 1286 tot
552 1240 671 1301 montes,
685 1240 726 1286 tot
739 1227 845 1304 praedia
857 1247 952 1286 servas

239 1307 361 1382 Appula,
375 1318 416 1366 tot
430 1308 526 1364 milvos
537 1307 610 1364 intra
622 1317 672 1364 tua
684 1326 790 1384 pascua
803 1306 911 1364 lassos?

238 1383 285 1442 'Pe
300 1385 455 1444 Trifolinus
468 1406 535 1462 ager
550 1386 689 1443 soeoundis
704 1385 806 1444 vitibus
820 1387 926 1462 implet,
1001 1410 1006 1418 ·

239 1465 463 1542 Suspectumque
474 1466 574 1541 jugum
588 1464 697 1537 Cumis,
711 1476 740 1524 et
752 1465 864 1522 Gaurus
877 1465 978 1524 inanis.

238 1541 315 1601 Nam
329 1545 392 1620 quis
404 1545 484 1621 plura
497 1544 560 1602 linit
573 1545 679 1602 victuro
693 1545 767 1602 dolia
781 1546 894 1602 mustol

237 1623 388 1684 Quantum
402 1635 462 1681 erat
475 1624 603 1680 exhausti
617 1624 726 1681 lumbos
740 1625 845 1682 donare
858 1624 970 1682 clientis

238 1701 258 1758 J
260 1703 393 1777 ugeribu
405 1704 521 1780 pausisl
542 1703 679 1760 meliusne
693 1704 740 1760 hio
754 1703 875 1760 rusticus
886 1703 989 1776 infans,

238 1779 314 1837 Cum
329 1793 426 1854 matre,
440 1795 469 1839 et
482 1783 594 1854 eastdis,
609 1793 636 1839 et
651 1783 788 1840 collusore
803 1783 912 1856 catello,

238 1857 377 1934 Cymbala
390 1861 526 1936 pulsantis
540 1862 663 1937 legatum
677 1862 725 1918 liet
738 1861 842 1918 amioil

239 1935 387 2013 Improbus
400 1959 440 2011 eS,
454 1959 539 2016 quum
553 1939 655 2016 poscis,
670 1941 728 1997 ais:
750 1941 800 1996 sed
813 1939 912 2015 pensio
926 1940 1040 2013 clamat,

238 2015 345 2087 Posoe;
367 2019 416 2075 sed
431 2019 549 2094 appellat
562 2039 631 2095 puer
646 2020 757 2090 unicus,
771 2030 802 2076 ut
816 2019 979 2095 Polyphemi

239 2095 311 2153 Lata
325 2097 410 2170 acies,
424 2117 473 2174 per
487 2117 570 2173 quam
585 2099 680 2156 sollers
694 2098 781 2156 evasit
795 2097 899 2155 Ulixes.

239 2175 320 2233 Alter
333 2179 470 2234 emendus
484 2177 553 2235 erit:
574 2197 694 2253 namque
709 2178 755 2235 hio
769 2197 825 2236 non
840 2177 960 2234 suffieit:
974 2177 1059 2238 ambo

239 2254 387 2313 Pascendi.
428 2256 508 2318 Quid
523 2275 603 2332 agam
620 2257 739 2314 brumdl
759 2258 882 2332 spirante
896 2257 974 2330 quid,
987 2277 1047 2330 oro,

237 2332 319 2394 Quid
333 2336 425 2394 dieam
439 2336 560 2410 scapulis
573 2354 722 2410 puerorum
738 2335 879 2410 Aquilone
895 2335 1056 2394 Deeembri'

239 2411 276 2470 Et
289 2413 425 2488 pedibusl
445 2415 542 2470 durate
556 2425 639 2488 atque
652 2425 812 2488 exspectate
825 2414 960 2472 cicadas?

238 2489 356 2564 Verdm,
371 2503 401 2550 ut
415 2493 583 2564 dissimules,
597 2504 628 2550 ut
641 2492 736 2550 mittas
750 2504 862 2566 uetera,
874 2505 979 2569 quanto

238 2569 349 2628 Metiris
362 2572 460 2648 pretio,
474 2567 561 2646 qubd,
573 2573 602 2630 ni
617 2573 666 2630 tibi
681 2572 793 2630 deditus
807 2593 896 2630 essem

238 2649 418 2725 Devotusque
432 2652 531 2722 eliens,
546 2664 677 2709 uxortua
691 2653 769 2726 virgo
783 2663 912 2709 maneret
922 2653 975 2708 l—

237 2727 382 2800 lnstabile,
397 2749 431 2785 ao
445 2730 537 2786 dirimi
551 2743 682 2804 eoeptum,
697 2742 725 2786 et
736 2730 794 2804 jam
808 2727 889 2805 paend
905 2729 1028 2787 solutum

237 2805 410 2881 conjugium
423 2807 452 2863 in
467 2808 561 2864 multis
575 2808 704 2864 domibus
718 2810 837 2865 servavit
851 2807 975 2864 adulter!
1178 2807 1216 2866 55

235 2881 305 2945 Quo
320 2896 348 2942 te
361 2885 561 2961 circumagasl
581 2905 643 2961 quae
657 2887 746 2962 prima
760 2898 808 2943 aut
822 2886 922 2943 ultima
936 2888 1046 2961 ponasl
1298 2885 1299 2896 ¹

236 2961 314 3020 Num
335 2961 404 3040 ergd
426 2967 557 3022 meritum
578 2977 630 3036 est,
650 2967 762 3042 ingrate
784 2984 819 3022 ae
832 2964 949 3041 perfide,
963 2965 1086 3038 nullum,

234 3039 325 3103 Quod
340 3042 390 3100 tibi
404 3044 514 3116 filiolus,
528 3043 601 3118 quod
617 3043 673 3100 filia
687 3043 811 3102 nascitur
826 3063 862 3100 ex
876 3044 944 3101 mel

232 3119 327 3178 'Pollis
341 3123 427 3194 enim,
441 3134 470 3180 et
482 3123 560 3180 libris
574 3133 699 3180 actorum
713 3141 844 3199 spargere
857 3123 966 3198 gaudee

235 3202 413 3278 Argumenta
427 3202 486 3260 viri.
527 3200 647 3259 Foribus
662 3203 802 3277 suspende
816 3221 946 3274 coronas,
1175 3200 1214 3259 60
1297 3209 1298 3218 ’

235 3281 301 3339 Jam
315 3293 392 3358 pater
406 3301 455 3339 es:
476 3280 615 3351 dedimus,
629 3280 704 3354 quod
717 3280 798 3338 famae
812 3300 952 3358 opponere
965 3282 1073 3358 possis:

234 3360 253 3418 J
256 3381 306 3419 ura
319 3359 442 3438 parentis
456 3360 551 3429 habes,
565 3369 676 3434 propter
690 3377 736 3417 me
749 3361 880 3416 scriberis
894 3361 993 3437 heres,

234 3440 373 3516 Legatum
386 3455 469 3496 omne
484 3436 571 3512 capis,
585 3455 640 3496 nee
654 3457 711 3496 non
724 3450 753 3496 et
767 3438 850 3496 dulce
864 3440 1013 3498 caducum.

233 3515 389 3576 Commoda
398 3526 530 3591 preterea
542 3515 696 3593 jungentur
709 3517 797 3574 multa
810 3518 935 3590 caducis,

233 3595 265 3652 Si
279 3613 437 3667 numerum,
452 3594 475 3650 si
489 3605 547 3651 tres
561 3595 719 3671 implevero.
759 3593 842 3653 Justa
855 3597 967 3670 doloris,
1169 3593 1206 3652 65
1296 3657 1297 3686 ,

130 3698 140 3711 ·
232 3671 262 3728 N
265 3673 360 3745 arole,
374 3692 461 3731 eausa
473 3673 523 3730 tui.
564 3672 671 3732 Contrd
685 3685 779 3731 tamen
793 3674 840 3731 ille
853 3675 920 3749 quid
934 3675 1035 3734 uffertl

233 3749 370 3828 Negligit,
384 3763 466 3828 atque
481 3753 567 3810 alium
581 3753 710 3830 bipedem
725 3752 777 3810 ribi
791 3755 890 3827 quaerit
904 3754 1030 3813 asellum.

193 3833 221 3878 ¹¹2¹·
272 3829 346 3887 Haeo
361 3831 411 3890 soli
425 3832 576 3889 commissa
589 3833 640 3889 tibi
654 3831 747 3888 celare
761 3844 913 3904 memento,

233 3905 271 3966 Et
283 3910 386 3968 tacitus
400 3922 510 3968 nostras
524 3911 637 3968 intrate
655 3909 710 3985 fige
724 3911 861 3984 querelas.
