2628 4430
158 389 180 448 6
472 387 503 434 D.
521 387 621 436 JUNll
635 386 831 436 Juquaurs

160 527 298 604 Nunquid
313 549 365 586 nos
378 529 488 604 agimus
501 529 622 586 causesl
643 527 736 598 civilia
746 528 811 603 jura

137 642 145 658 .
159 606 321 664 Novimusl
342 619 391 664 aut
405 607 463 664 ullo
476 607 593 680 strepitu
608 606 667 663 sora
677 618 769 662 vestra
782 607 947 663 movemusl

160 684 319 742 Luctantur
333 703 432 761 paucae
445 704 451 754 ;
473 685 628 742 comedunt
642 685 765 759 coliphia
778 703 885 760 paucae.

159 764 220 822 vos
232 764 327 820 lanam
341 763 460 833 trahitis,
474 763 650 835 calathisque
663 774 778 838 peracta
791 762 901 820 refertis

159 842 293 898 Vellera:
316 861 363 899 vos
378 841 458 900 tenui
472 852 664 916 praegnantem
680 841 800 898 stamine
815 841 908 897 lusum

160 919 302 994 Penelope
316 917 429 990 melibs,
443 917 533 976 levibs
549 919 682 992 torquetis
696 919 843 984 Arachne,
916 955 919 964 ·

160 998 285 1055 Horrida
298 999 379 1073 quale
394 999 461 1056 facit
474 999 608 1054 residens·
614 997 643 1052 in
657 998 756 1054 codice
769 997 868 1072 pellex.

199 1075 308 1134 Notum
322 1087 374 1146 est,
388 1096 439 1133 cur
453 1075 512 1133 solo
525 1075 634 1133 tabulas
648 1075 803 1150 impleverit
817 1076 915 1133 Hister

160 1153 291 1223 Liberto;
313 1155 422 1212 dederit
436 1155 515 1211 vivus
526 1173 577 1211 cur
591 1154 680 1210 multa
692 1153 801 1228 puelle.

160 1233 248 1290 Dives
262 1234 325 1304 erit,
340 1253 443 1308 magno
456 1251 519 1306 quae
533 1233 637 1290 dormit
651 1233 732 1290 tertia
747 1233 830 1290 lecto.

132 1319 136 1368 ’.
159 1311 209 1368 Tu
223 1313 308 1384 nube,
323 1323 405 1386 atque
419 1323 499 1368 tace:
521 1312 628 1368 donant
642 1330 745 1368 arcana
759 1311 908 1385 cylindros.

160 1389 205 1446 De
219 1391 300 1448 nobis
314 1401 376 1465 post
390 1391 451 1446 haec
465 1389 552 1446 tristis
566 1389 708 1446 sententia
721 1390 824 1446 sertur:

160 1467 218 1526 Dat
231 1469 342 1526 veniam
357 1467 457 1538 corvis,
471 1480 554 1525 vexat
567 1487 687 1524 censura
701 1467 854 1524 columbas.

200 1547 349 1622 Fugerunt
362 1547 463 1621 trepidi
479 1565 544 1603 vera
558 1566 591 1602 sc
605 1546 756 1604 manifesta
770 1555 921 1602 canentem

160 1625 305 1682 Stoicidae.
345 1625 426 1686 Quid
441 1625 518 1682 enim
534 1621 771 1682 falsiLaurouial
795 1625 853 1680 Sed
866 1624 935 1698 quid

159 1703 227 1762 Non
243 1705 347 1760 facient
361 1704 418 1772 alii,
429 1722 515 1777 quum
530 1715 560 1760 tu
575 1703 703 1760 multicia
716 1722 821 1774 sumes,

159 1781 283 1852 Cretica,
298 1792 327 1838 et
341 1783 415 1838 banc
430 1793 533 1838 vestem
548 1783 651 1858 populo
664 1781 784 1838 mirante
798 1801 912 1855 perores

160 1859 195 1916 In
210 1859 353 1930 Proculas,
368 1871 396 1916 et
410 1859 544 1916 Pollitasl
585 1859 637 1916 Est
652 1860 763 1916 moeoba
779 1857 913 1916 labella:

162 1937 327 2009 Damnetur,
342 1938 365 1996 si
379 1938 429 2008 vis,
444 1937 529 1996 etiam
544 1938 684 1996 Carfinia:
705 1939 790 1994 talem

160 2014 227 2074 Non
242 2027 335 2074 sumet
348 2017 480 2073 damnata
494 2027 596 2091 togam.
639 2017 698 2073 Sed
712 2015 806 2072 Julius
820 2017 915 2085 ardet,

160 2095 270 2152 AEstuo.
312 2091 415 2152 Nudus
429 2095 511 2170 agas!
534 2092 633 2152 Minus
646 2105 689 2151 est
703 2093 812 2152 insanie
826 2095 923 2169 turpis.

160 2173 206 2230 En
222 2173 359 2244 habitum,
375 2186 472 2248 quote
486 2173 563 2248 leges
577 2192 612 2230 ec
623 2173 687 2248 jura
702 2174 838 2230 ferentem

160 2252 334 2309 Vulneribus
345 2253 441 2309 crudis
453 2252 574 2326 populus
588 2249 672 2308 modb
688 2253 785 2322 victor,
799 2265 828 2309 et
842 2251 911 2308 illud

81 2366 88 2370 —
160 2328 330 2387 Montanum
340 2331 437 2406 positis
451 2331 561 2388 audiret
574 2331 674 2404 vulgus
688 2330 795 2386 aratris.
846 2357 847 2360 ¹

158 2408 238 2470 Quid
279 2429 336 2466 non
352 2409 517 2484 proclames,
531 2409 560 2464 in
575 2426 691 2482 corpore
698 2408 808 2482 judicis
822 2407 875 2464 ista
910 2431 914 2440 ·

160 2487 195 2546 Si
206 2487 324 2544 videasl
361 2487 478 2558 Quaero,
493 2505 528 2542 au
544 2487 665 2544 deceant
678 2487 805 2544 multicia
818 2486 939 2544 testeml
1039 2511 1041 2515 ·

161 2565 248 2638 Acer,
262 2577 291 2622 et
305 2565 468 2637 indomitus,
483 2565 673 2639 libertatisque
688 2566 831 2640 magister,

92 2672 96 2678 ·
160 2643 284 2716 Cretice,
298 2645 435 2720 perluces.
478 2642 566 2702 Dedit
579 2645 654 2700 bano
668 2645 799 2718 contagio
813 2643 916 2714 labem,
951 2707 958 2714 ᾖ

160 2723 198 2780 Et
211 2724 289 2780 dabit
304 2725 334 2780 in
348 2723 459 2798 plures;
481 2723 555 2778 sicut
568 2741 638 2796 grex
653 2732 728 2778 totus
741 2723 771 2779 in
785 2721 861 2798 agris

160 2800 252 2858 Unius
266 2801 361 2858 scabie
375 2800 452 2857 cadit
465 2810 494 2856 et
507 2800 649 2874 porrigine
663 2800 751 2874 porci,

114 2913 144 2958 ,s
159 2877 276 2954 Uvaque
290 2879 443 2954 conspecti
457 2878 573 2934 livorem
586 2877 667 2934 ducit
680 2879 716 2934 ab
730 2879 793 2936 uvd.
904 2927 909 2934 .

103 2951 113 2971 '⁴
200 2957 317 3014 Foedius
332 2958 386 3013 boc
401 2956 506 3030 aliquid
520 2957 688 3030 quandoque
702 2957 821 3014 audebis
834 2957 948 3014 amictu.

54 3019 74 3051 ’ἴ
92 3081 97 3086 .
160 3035 256 3093 Nemo
270 3033 386 3111 repente
399 3035 451 3092 suit
464 3035 650 3110 turpissimus.
692 3035 847 3110 Accipient
860 3047 888 3092 te

44 3168 48 3179 ,
71 3169 73 3173 ,
114 3124 116 3126 ’
159 3113 311 3186 Paulatim,
325 3114 372 3189 qui
386 3115 471 3188 longa
484 3113 561 3170 domi
575 3113 741 3170 redimicula
755 3125 872 3173 sumunt

159 3191 323 3264 Frontibus,
337 3204 366 3249 et
378 3203 437 3250 toto
451 3191 570 3267 posuere
586 3193 701 3250 monilia
720 3194 802 3264 collo,

58 3320 63 3324 .
159 3271 255 3346 Atque
269 3271 377 3330 Bonam
392 3284 496 3328 tenerae
510 3271 623 3345 placant
634 3271 785 3328 abdomine
798 3289 902 3346 porcae,

159 3349 198 3407 Et
212 3369 315 3425 magno
329 3361 447 3420 cratere,
462 3349 562 3406 Deam.
592 3350 649 3406 Sed
663 3369 740 3406 ruore
753 3349 867 3406 sinistro

160 3423 309 3504 Exagitata
322 3427 421 3502 procul
436 3447 493 3484 uon
508 3427 593 3484 intret
608 3427 723 3484 immina
736 3428 831 3484 limen.

161 3507 235 3564 Solis
249 3526 298 3564 era
311 3505 381 3562 Deae
396 3506 521 3562 maribus
534 3517 618 3582 patet.
661 3505 705 3562 Ite
719 3506 859 3582 profane!

161 3584 308 3642 Clamatur
321 3605 327 3641 :
349 3585 427 3642 nullo
440 3585 529 3660 gemit
542 3583 590 3642 bic
604 3584 723 3642 tibicina
736 3603 834 3642 cornu.

161 3661 247 3720 Talia
260 3663 370 3720 secreta
385 3664 535 3720 coluerunt
548 3663 639 3738 Orgia
652 3664 728 3720 teda

161 3739 329 3816 Cecropiam
344 3742 417 3798 soliti
431 3741 528 3816 Baptae
543 3742 648 3798 lassare
663 3741 784 3816 Cotytto.

161 3818 215 3876 Ille
229 3819 409 3895 supercilium
425 3819 540 3876 madida
554 3819 671 3894 fuligine
685 3831 793 3878 tactum
826 3823 828 3828 ’

162 3898 287 3973 Obliquat
301 3899 432 3974 producit
446 3897 510 3970 acu,
524 3898 670 3974 pingitque
684 3908 849 3958 trementes
