2646 4416
230 379 271 440 m
539 379 571 426 n.
588 377 686 428 Juuu
701 349 896 428 nevarensis

227 521 316 583 Quod
330 521 438 598 Tagus,
452 533 480 580 et
495 523 577 579 rutila
591 521 675 580 volvit
688 521 818 580 Pactolus
832 521 927 594 arent,
1312 555 1313 582 t

230 601 345 677 Frigida
358 601 498 658 sufficient
512 601 636 658 velantes
649 601 766 676 inguina
778 601 875 676 panni,
1148 599 1213 659 300

230 679 411 756 Exiguusque
425 680 515 751 cibus,
532 680 624 737 mersit
637 691 696 738 rate
712 680 862 755 naufragus
876 698 966 737 assem
1312 689 1313 716 ¹

218 757 308 816 'Dum
324 770 412 834 rogat,
426 771 455 816 et
468 759 545 834 picta
558 777 588 816 se
602 769 767 834 tempestate
780 771 882 816 tuetur.
1312 755 1313 816 l

229 837 333 896 Tantis
345 849 425 913 parta
438 839 518 895 malie
532 839 600 895 curti
614 837 718 913 majore
727 847 859 912 metuque
1312 831 1313 924 l

229 916 394 974 Servantur.
436 915 598 974 Miseraest
611 917 707 992 magui
722 918 849 974 custodia
862 915 972 974 censius.
1312 935 1313 998 p

269 995 418 1072 Dispositis
431 997 565 1071 praedives
580 997 669 1053 hamis
683 996 796 1072 vigilare
804 996 954 1052 'cohortem
1149 995 1213 1054 305
1312 1015 1313 1072 l

230 1075 380 1132 Servorum
396 1086 481 1132 noctu
495 1075 616 1152 Licinus
622 1076 711 1151 jubet,
728 1074 860 1132 amonitus
873 1093 924 1150 pro
1312 1087 1313 1126 t

230 1151 354 1226 Electra,
368 1154 511 1229 signisque
524 1155 591 1225 suis,
607 1155 784 1230 Phrygiaque
798 1153 942 1226 columna,
1312 1137 1313 1228 l

231 1233 326 1308 Atque
340 1233 433 1304 ebore,
447 1243 476 1290 et
489 1233 546 1290 lata
559 1234 708 1290 testudine.
750 1232 835 1290 Delia
848 1233 917 1290 nudi
1312 1259 1313 1312 q

150 1333 151 1336 ¹
230 1310 298 1368 Non
313 1312 411 1368 ardent
425 1311 543 1386 Cynici:
564 1313 587 1368 si
602 1312 726 1388 fregeris,
740 1313 828 1369 altera
841 1311 889 1370 fiet
941 1341 947 1350 ·
1312 1315 1313 1354 t

232 1389 304 1448 Cras
317 1391 426 1462 domus,
441 1401 489 1448 aut
502 1392 601 1448 eadem
615 1391 729 1466 plumbo
743 1391 892 1448 commissa
906 1390 1038 1448 mauebit.
1150 1391 1214 1450 31⁰

232 1469 328 1526 Sensit
342 1467 512 1542 Alexander,
526 1471 598 1527 testa
611 1489 697 1544 quum
711 1471 779 1526 vidit
793 1470 822 1526 in
837 1469 884 1526 illia
1312 1499 1313 1554 p

231 1547 370 1624 Magnum
386 1549 578 1622 habitatorem,
591 1561 696 1624 quanto
710 1549 815 1606 felicior
830 1549 886 1620 hic,
899 1547 948 1622 qui
1312 1581 1313 1648 p

231 1627 282 1684 Nil
297 1639 420 1704 cuperet,
435 1627 518 1704 qudm
532 1629 579 1703 qui
592 1640 680 1686 toturn
695 1629 747 1685 sibi
761 1639 889 1704 posceret
900 1626 1008 1700 orbem,
1312 1649 1313 1698 1

231 1706 368 1764 Passurus
381 1709 467 1782 gestis
483 1709 619 1782 aequanda
629 1708 754 1784 pericula
767 1707 858 1764 rebus.

231 1785 350 1842 Nullum
365 1805 471 1842 numen
488 1787 582 1858 habes,
595 1789 617 1844 si
632 1788 667 1844 sit
680 1787 846 1863 prudentia:
869 1805 920 1844 nos
933 1795 972 1858 te,
1150 1784 1209 1842 315
1230 1817 1233 1828 ·

232 1863 294 1920 Nos
309 1865 436 1936 facimus,
451 1864 585 1936 Fortuna,
600 1865 701 1922 Deam.
743 1865 881 1922 Mensura
894 1875 990 1922 tamen
1003 1883 1066 1940 quae

232 1943 360 2000 Sufficiat
371 1945 484 2014 censius,
498 1945 521 2000 si
535 1943 597 2018 quis
611 1963 656 2000 rna
670 1945 808 2015 consulat,
823 1944 905 2000 edam
919 1963 925 1999 :

232 2019 266 2078 ln
281 2033 414 2096 quantum
427 2023 486 2079 sitis
500 2035 582 2096 atque
597 2023 683 2079 fames
697 2033 725 2080 et
739 2023 841 2097 frigora
854 2033 983 2096 poscunt,

230 2099 391 2172 Quantum,
407 2099 538 2176 Epicure,
553 2101 603 2158 tibi
617 2103 709 2177 parvis
723 2102 833 2158 suffecit
847 2101 876 2158 in
891 2101 989 2172 hortis,

231 2179 380 2240 Quantum
396 2180 533 2238 Socratici
548 2178 762 2256 ceperuntante
777 2191 901 2255 penates
1104 2187 1106 2191 ⁴
1153 2178 1215 2238 320
1312 2235 1313 2246 ,

232 2258 385 2333 Nunquam
403 2259 479 2315 aliud
495 2259 523 2314 N
527 2270 615 2330 utura,
630 2259 705 2316 aliud
720 2258 866 2334 Sapientia
880 2258 949 2315 dicit

231 2337 356 2394 Acribus
369 2338 504 2413 exemplis
517 2339 611 2394 videor
626 2350 652 2394 te
667 2339 806 2394 claudere.
847 2335 938 2394 Misce

231 2414 309 2492 Ergd
321 2417 425 2492 aliquid
440 2417 542 2474 nostris
556 2418 591 2474 de
605 2417 745 2474 moribus:
766 2416 846 2475 effice
860 2433 1008 2486 summanr,

231 2495 281 2554 Bis
294 2508 401 2572 septem
415 2497 562 2553 ordinibus
575 2516 658 2571 quarn
672 2497 717 2552 lex
731 2495 862 2571 dignatur
876 2493 1006 2552 Othonis.

231 2574 306 2632 Haec
319 2595 428 2651 quoque
443 2575 466 2632 si
480 2594 578 2651 rugam
592 2577 686 2648 trahit,
700 2575 881 2649 extenditque
895 2573 1044 2643 labellum;

232 2655 321 2712 Sume
335 2655 406 2712 duos
418 2655 544 2728 Equites,
558 2655 604 2712 fac
617 2656 699 2711 tertia
712 2655 925 2729 quadringenta.
1006 2725 1009 2728 Ι

232 2733 264 2789 Si
278 2734 404 2793 nondum
419 2733 530 2806 implevi
544 2732 693 2808 gremium,
705 2732 728 2788 si
742 2732 874 2806 panditur
886 2727 975 2788 ultrd:

231 2810 297 2868 Nec
310 2811 400 2867 Croesi
415 2812 525 2868 fortuna
539 2829 662 2886 unquam
677 2830 730 2868 nec
744 2811 859 2868 Persica
871 2827 959 2885 regna

231 2889 380 2946 Sufficient
393 2889 497 2972 animo,
509 2908 563 2946 nec
577 2889 679 2946 divitiae
694 2889 833 2960 Narcissi,

231 2967 354 3026 Indulsit
367 2969 464 3026 Caesar
478 2969 525 3024 cui
539 2967 676 3025 Claudius
688 2968 794 3040 omnia,
808 2967 894 3044 cujus

232 3045 330 3106 Paruit
342 3047 477 3123 imperiis,
492 3066 608 3105 uxorem
621 3048 753 3106 occidere
764 3047 869 3124 jussus.

602 3360 761 3421 SATIRA.
780 3359 846 3418 XV.

228 3566 231 3574 ,
273 3521 353 3583 Quis
367 3523 467 3592 nescit,
481 3520 581 3579 Volusi
595 3519 754 3595 Bithynice,
767 3517 860 3593 qualia
873 3519 991 3579 demens

234 3600 374 3676 AEgyptus
387 3612 516 3677 portenta
529 3600 623 3656 colatl
663 3598 832 3657 Crocodilon
849 3599 945 3657 adorat

234 3679 303 3736 Pars
317 3679 393 3736 haec:
415 3681 461 3736 illa
475 3690 555 3754 pavet
570 3689 692 3734 saturam
707 3677 882 3752 serpentibus
896 3677 963 3734 ibin.

234 3757 350 3831 Effigies
364 3760 435 3815 sacri
449 3759 519 3815 nitet
533 3775 618 3814 aurea
632 3755 830 3832 cercopitheci,

235 3835 360 3893 Dimidio
374 3838 490 3912 magicae
505 3847 636 3894 resonent
650 3836 698 3893 ubi
710 3835 863 3892 Memnone
878 3833 999 3906 chordae,

225 3915 329 3990 ·Atqun
344 3927 422 3972 vetus
436 3913 537 3972 Thebe
552 3927 666 3973 centum
678 3914 866 3992 jacetlobruta
878 3911 971 3989 portis.
