2628 4430
234 383 274 441 40
544 381 576 428 D.
593 380 691 428 sunu
705 379 902 429 Juqunus

236 522 268 578 Si
282 521 366 591 libet;
389 521 457 578 hinc
470 531 587 578 centurn
601 521 771 597 patrimonia
784 521 1002 594 causidicorum,

235 598 320 656 Parte
334 599 390 656 alit
404 599 495 656 solum
509 601 611 656 russati
626 619 700 674 pone
715 599 860 656 Lacernae.

235 675 400 738 messuere
413 678 519 734 duces:
540 677 633 752 surgis
646 687 677 734 tu
691 677 812 752 pallidus
826 677 901 752 Ajax

157 765 166 782 ¹
234 753 372 812 Dicturus
385 755 473 814 dubia
486 773 536 831 pro
550 753 688 826 libertate,
702 755 825 812 bubulco

235 832 347 889 Judice.
388 833 504 908 Rumpe
517 833 602 890 miser
615 844 727 891 tensum
738 832 830 908 jecur,
844 842 877 890 ut
889 832 939 890 tibi
953 833 1026 892 lasso

235 909 374 986 Figantur
388 910 500 981 virides,
514 911 655 967 scalarum
666 911 765 986 gloria,
779 911 889 986 palmae

233 987 323 1048 Quod
337 988 414 1046 vocis
426 989 567 1065 pretiuml
588 989 682 1046 siccus
694 989 906 1064 petasunculus,
920 999 949 1046 et
962 1009 1012 1048 vas

235 1065 439 1142 Pelamydum3
461 1077 511 1126 aut
522 1078 640 1140 veteres,
654 1067 789 1124 Afrorum
804 1067 954 1142 epimenia,
968 1067 1065 1138 bulbi;

235 1145 296 1202 Aut
309 1145 406 1202 vinum
420 1143 520 1202 Tiberi
534 1145 694 1216 devectum,
708 1145 833 1220 quinque
846 1144 965 1220 lagena.

275 1223 306 1279 Si
321 1234 420 1297 quater
433 1223 525 1298 egisti,
539 1224 563 1280 si
577 1223 697 1298 contigit
709 1241 813 1280 aureus
826 1241 911 1295 unus,

236 1297 309 1358 Inde
324 1301 431 1358 cadunt
443 1311 536 1376 partes
549 1320 585 1358 ex
598 1301 703 1358 soedere
717 1300 965 1376 pragmaticorum.

236 1377 355 1436 AEmilio
367 1379 489 1449 dabitur,
504 1376 641 1452 quantum
655 1379 731 1451 licet,
745 1389 774 1436 et
787 1375 890 1436 melius
903 1397 955 1436 nos

236 1455 371 1531 Egimus:
393 1456 477 1532 hujus
490 1457 566 1513 enim
581 1466 636 1513 stat
648 1475 748 1513 currus
762 1459 880 1528 aeneus,
894 1457 944 1514 alti
1061 1493 1067 1498 -

235 1534 429 1610 Quadrijuges
443 1534 473 1591 in
486 1533 641 1605 vestibulis,
655 1545 738 1609 atque
752 1535 812 1610 ipse
828 1535 915 1592 feroci

236 1611 376 1670 Bellatore
391 1613 493 1669 sedens
504 1624 650 1670 curvatum
663 1613 765 1670 hastile
779 1613 902 1670 minatur

236 1689 366 1762 Eminus‚
380 1701 409 1746 et
422 1691 515 1747 statuit
529 1691 679 1748 meditatur
692 1691 791 1766 proelia
804 1692 892 1749 luscd.

161 1811 165 1819 ,
236 1768 286 1825 Sic
301 1769 379 1826 Pedo
392 1769 550 1841 conturbat,
565 1768 664 1826 Matho
677 1769 790 1826 deficit:
812 1771 903 1826 exitus
916 1770 963 1827 hic
977 1781 1021 1828 est

235 1846 372 1922 Tongilii,
387 1864 490 1920 magno
504 1865 570 1902 cum
584 1847 762 1904 rhinocerote
775 1848 861 1906 lavari
1169 1846 1231 1904 13⁰

234 1923 296 1986 Qui
311 1923 390 1994 solet,
405 1933 434 1979 et
447 1935 529 1980 vexat
541 1925 682 1981 lutulentd
696 1925 798 1982 balnea
810 1924 902 1996 turbd,

235 2001 344 2076 Perque
359 2001 448 2059 sorum
460 2001 578 2077 juvenes
591 2001 676 2077 longo
689 2004 792 2078 premit
804 2021 907 2073 assere,
921 2001 1023 2061 Medos

235 2079 389 2155 Empturus
402 2097 513 2154 pueros,
528 2091 686 2155 argentum,
700 2081 856 2151 murrhina,
870 2081 956 2138 villas.

236 2157 364 2234 Spondet
376 2157 452 2214 enim
466 2157 557 2232 Tyrio
570 2158 694 2216 stlataria
707 2177 830 2235 purpura
846 2158 901 2215 filo.

235 2235 273 2294 Et
286 2247 381 2294 tamen
394 2245 438 2292 est
451 2235 505 2292 illis
518 2237 573 2295 hoc
586 2237 672 2294 utile:
692 2256 815 2313 purpura
828 2236 925 2293 vendit
1169 2235 1230 2294 1³5

235 2314 430 2385 Causidicum,
445 2315 572 2372 vendunt
585 2316 789 2390 amethystina:
810 2315 943 2372 convenit
955 2313 1012 2372 illis

235 2392 274 2450 Et
287 2391 414 2468 strepitu,
428 2403 457 2448 et
471 2393 543 2449 facie
557 2393 670 2469 majoris
683 2394 775 2450 vivere
789 2391 901 2449 censds.

237 2471 295 2528 Sed
308 2471 394 2528 linem
408 2470 543 2545 impeusae
557 2489 615 2528 non
629 2482 720 2529 servat
732 2471 850 2546 prodiga
863 2469 966 2528 Roma.

139 2572 142 2576 ·
235 2548 366 2606 Fidimus
380 2548 512 2623 eloquiol
552 2549 687 2607 Ciceroni
700 2569 785 2606 uerno
798 2549 936 2606 ducentos

236 2627 325 2684 Nunc
338 2627 448 2684 dederit
461 2645 603 2699 nummos,
617 2627 672 2684 nisi
686 2627 795 2684 fulserit
805 2627 928 2683 annulus
941 2627 1051 2703 ingens.
1166 2626 1226 2684 140

236 2705 368 2780 Respicit
381 2705 443 2760 hac
456 2702 589 2780 primurn,
604 2705 651 2780 qui
666 2705 766 2780 litigat,
780 2723 817 2761 aa
830 2705 881 2761 tibi
895 2704 967 2762 servi

236 2781 321 2853 Octo,
335 2783 435 2838 decem
450 2781 577 2852 comites,
593 2801 629 2839 au
643 2793 706 2856 post
719 2795 747 2838 te
760 2782 837 2853 sella,
848 2782 936 2857 togati

236 2861 314 2916 Ante
327 2859 423 2934 pedes.
464 2857 535 2916 Ideo
549 2859 692 2916 conduut
706 2859 810 2916 Paulus
823 2861 926 2934 agebat

237 2937 429 3011 sardonyche,
444 2947 527 3011 atque
540 2937 605 2994 ideo
617 2937 713 3013 pluris,
727 2935 812 3011 qudm
828 2937 934 2994 Cossus
947 2937 1058 3014 agebat,

236 3012 336 3076 Quam
351 3014 470 3072 Basilus.
512 3015 592 3072 Rara
605 3015 634 3073 in
647 3016 727 3072 team
741 3016 875 3078 facundia
887 3033 992 3090 panno.
1163 3017 1222 3076 146

235 3093 362 3155 Quando
375 3092 442 3150 licet
455 3093 550 3170 Basilo
563 3092 677 3150 flentem
689 3095 846 3170 producere
860 3095 1001 3152 matreml

235 3170 312 3231 Quis
327 3171 556 3228 benedicentem
567 3171 692 3229 Basilum
706 3173 799 3230 feratl
839 3173 972 3248 Accipiat
980 3183 1013 3230 «te
1035 3173 1037 3178 ’

236 3249 340 3320 Gallia,
354 3249 397 3306 vel
410 3247 505 3324 potiris
518 3250 661 3308 nutricula
674 3251 883 3308 causidicorum

229 3327 346 3398 Africa,
360 3327 384 3382 si
397 3327 504 3402 placuit
517 3329 678 3385 mercedem
690 3347 795 3404 ponere
808 3329 922 3403 lingue.

276 3404 445 3462 Declamare
459 3406 565 3462 docesl
604 3404 633 3461 Ο
647 3405 737 3462 ferrea
749 3417 864 3481 pectora
877 3404 973 3478 Vecti,
1161 3406 1219 3464 15⁰

235 3482 337 3544 Quum
349 3483 463 3558 perimit
476 3501 565 3540 sevos
578 3483 675 3540 classis
688 3503 838 3541 numerosa
851 3493 993 3560 tyrannos.

236 3559 267 3616 N
268 3579 314 3616 arn
327 3579 503 3635 quecunque
517 3561 620 3618 sedens
633 3559 718 3618 modd
732 3562 848 3638 legerat,
862 3561 925 3619 hac
935 3561 1035 3620 eadem
1048 3570 1128 3620 stans

236 3637 371 3710 Proseret,
386 3651 470 3712 atque
483 3639 583 3695 eadem
597 3640 722 3698 cantabit
735 3640 862 3697 versibus
875 3638 976 3698 isdem.

229 3715 353 3772 -Cccidit
365 3717 482 3774 miseros
495 3717 609 3774 crambe
623 3718 741 3792 repetita
755 3718 909 3794 magistros.

235 3793 312 3854 Quis
325 3794 411 3866 color,
425 3805 455 3852 et
467 3795 541 3869 quod
555 3795 591 3852 sit
604 3813 697 3852 causas
710 3815 810 3872 mnus,
825 3807 908 3870 atque
921 3795 971 3860 ubi
989 3813 1101 3856 summa
1148 3794 1217 3854 '155

224 3869 375 3945 Quaestio,
389 3891 452 3949 qum
464 3873 579 3931 veniant
591 3874 707 3932 diverse
721 3872 791 3931 sortd
806 3873 925 3950 sagittae,
