2628 4430
506 379 629 430 samua
646 381 706 430 Vll.

102 517 136 576 N
135 536 182 576 am
196 519 222 577 si
235 519 360 596 Virgilio
373 539 443 596 puer
456 531 485 578 et
497 521 643 580 tolerabile
657 523 768 580 deesset

102 597 283 673 Hospitium,
297 599 432 656 caderent
445 617 544 656 omnes
557 619 575 656 a
587 600 713 658 crinibus
724 601 821 676 hydra:

102 675 200 732 Surda
213 677 286 732 nihil
300 686 427 751 gemeret
439 695 523 752 grave
538 677 668 734 buccina.
709 678 866 752 Pessimus,
879 691 911 738 ut
923 681 961 740 sit

14 779 15 808 ι
102 752 174 812 Non
190 754 286 811 minor
299 755 415 828 antiquo
428 754 584 812 Rubrenus
597 755 694 831 Lappa
709 757 858 829 cothurno,

102 831 198 908 Cujus
212 843 242 888 et
256 833 378 890 alveolos
391 843 420 888 et
432 831 533 888 laenam
546 833 676 908 pignerat
690 835 803 892 Atreus.

102 909 173 968 Non
188 910 276 968 habet
289 910 388 967 infelix
403 909 545 982 Numitor,
558 911 634 986 quod
648 911 740 968 mittat
754 913 848 972 amico

101 987 258 1048 Quintillae
271 989 347 1062 quod
361 989 457 1060 donet,
472 989 575 1056 habet;
590 1008 646 1046 nec
659 989 749 1047 delirit
762 990 813 1062 illi,

102 1065 189 1123 Unde
203 1077 313 1124 emeret
326 1065 416 1122 multd
428 1067 603 1142 pascendum
616 1085 702 1124 carne
715 1067 827 1126 leonem

103 1143 171 1200 Jam
185 1145 343 1202 domitum:
363 1155 472 1202 constat
482 1144 578 1202 leviori
593 1145 686 1203 bellua
699 1158 814 1223 sumptu

103 1222 262 1294 Nimirum,
276 1233 305 1279 ct
318 1222 434 1298 capiunt
446 1222 511 1298 plus
524 1223 658 1280 intestina
670 1219 769 1298 pobtrc.

104 1301 269 1358 Contentus
283 1301 358 1357 fami
369 1299 463 1375 jaceat
476 1301 611 1358 Lucanus
624 1301 653 1358 in
667 1303 755 1360 hortis

104 1378 293 1436 Marmorcis:
314 1389 343 1435 at
356 1379 478 1436 Serrano
491 1379 626 1454 tenuique
642 1380 736 1439 Saleio
877 1415 879 1421 ,

104 1457 203 1514 Gloria
217 1456 393 1532 quantalibet
405 1457 473 1530 quid
486 1457 549 1529 erit,
563 1459 586 1515 si
600 1458 690 1534 gloria
702 1457 813 1517 tantum
827 1462 892 1518 esti

105 1535 239 1592 Curritur
252 1536 288 1592 ad
303 1553 401 1592 vocem
412 1535 579 1608 jucundam,
593 1547 622 1593 et
634 1555 751 1594 carmen
765 1538 866 1595 amice

105 1613 284 1684 Thebaidos,
295 1612 388 1670 laetam
401 1613 468 1670 fecit
481 1631 568 1688 quum
583 1615 690 1671 Statius
704 1615 814 1688 urbem,

107 1691 294 1766 Promisitque
308 1691 401 1747 diem:
421 1693 500 1748 tanta
514 1692 666 1748 dulcedine
679 1703 776 1768 captos

108 1770 206 1827 Afficit
221 1770 269 1827 illc
283 1769 402 1840 animos,
415 1769 550 1844 tantique
563 1770 680 1828 libidine
699 1771 774 1847 vulgi
800 1840 803 1846 ι
829 1785 830 1790 ’

106 1849 251 1916 Auditum
274 1848 333 1919 sed,
347 1865 434 1921 quum
448 1848 530 1924 fregit
543 1848 675 1906 subsellia
688 1867 781 1923 versu,

108 1925 216 1998 Esurit,
231 1927 366 1983 intactam
380 1925 475 1983 Paridi
489 1927 543 1984 nisi
557 1927 661 1984 vendat
674 1928 803 2004 Agaven.

106 2004 160 2062 Ille
173 2015 203 2062 et
218 2003 327 2061 militiae
339 2003 435 2060 multis
447 2004 564 2080 largitur
577 2006 723 2077 honorem,

107 2082 244 2140 Semestri
255 2092 350 2138 vatum
364 2082 466 2157 digitos
479 2083 659 2158 circumligat
671 2101 748 2142 auro.

106 2159 196 2222 Quod
209 2180 267 2217 non
282 2160 350 2217 dant
362 2179 502 2235 proceres,
517 2161 595 2218 dabit
605 2161 711 2218 histrio.
752 2161 800 2218 Tu
816 2162 994 2236 Camerinos,
1047 2163 1087 2222 00

106 2237 145 2296 Et
158 2239 274 2310 Bareas,
287 2247 319 2294 tu
332 2237 469 2296 nobilium
482 2255 587 2313 magna
600 2239 671 2294 atria
684 2236 787 2296 curasl

107 2317 261 2374 Praesectos
274 2317 397 2392 Pelopea
409 2316 485 2388 facit,
499 2315 654 2374 Philomela
668 2317 803 2375 tribunos.

107 2395 195 2452 Haud
209 2405 304 2452 tamen
319 2394 444 2451 invideas
458 2394 522 2466 vati,
537 2413 621 2469 quern
634 2395 742 2471 pulpita
759 2408 888 2472 pascunt.

106 2472 183 2534 Quis
196 2473 248 2530 tibi
262 2472 430 2529 Maeceuasl
450 2473 512 2547 quis
526 2492 604 2529 nunc
617 2474 672 2529 erit
683 2485 732 2530 aut
745 2474 921 2546 Proculeius,

109 2553 168 2609 Aut
182 2551 309 2609 Fabiusl
328 2549 391 2626 quis
405 2551 489 2607 Cotta
502 2550 626 2606 iteruml
647 2551 710 2623 quis
724 2549 863 2608 Lentulus
876 2553 967 2610 alteri
1046 2553 1086 2611 96

108 2629 196 2687 Tunc
209 2649 259 2706 par
273 2628 389 2704 ingenio
401 2628 538 2704 pretium:
560 2639 629 2685 tunc
642 2627 710 2684 utile
725 2628 822 2686 multis

108 2708 228 2780 Pallere,
242 2717 270 2764 et
283 2708 380 2764 vinum
394 2717 453 2764 toto
465 2706 576 2764 nescire
590 2705 751 2764 Decembri.

146 2787 248 2844 Vester
262 2783 345 2862 pcrrb
359 2785 436 2844 labor
452 2785 619 2858 soecundior,
634 2785 810 2844 historiarum

108 2865 282 2941 Scriptores:
302 2863 373 2940 petit
386 2864 433 2920 hic
446 2863 509 2939 plus
522 2864 664 2940 temporis,
679 2876 762 2938 atque
775 2866 832 2924 olei
846 2866 926 2943 plus;

107 2941 137 2999 N
139 2961 240 3018 amque
253 2941 342 2999 oblita
354 2942 430 2998 modi
443 2941 592 3000 millesima
608 2943 713 3018 pagiua
726 2944 816 3019 surgit
1030 2946 1085 3004 100

107 3019 258 3092 Omnibus,
272 3031 301 3077 et
315 3019 405 3076 multl
418 3021 522 3077 crescit
535 3021 670 3077 damnosa
682 3040 795 3096 papyro.

108 3099 158 3155 Sic
172 3099 273 3174 ingens
286 3117 380 3155 rerum
394 3115 529 3154 numerus
540 3097 631 3171 jubet,
644 3107 728 3170 atque
741 3110 857 3172 operum
871 3099 926 3156 lex.

107 3176 183 3238 Quae
196 3187 291 3234 tamen
306 3176 373 3234 inde
386 3176 489 3250 segesl
510 3185 590 3231 terrae
604 3173 666 3247 quis
680 3173 788 3230 fructus
802 3179 927 3248 apertoel

107 3253 183 3315 Quis
196 3255 274 3311 dabit
288 3254 431 3325 historico,
444 3262 582 3326 quantum
595 3252 676 3308 daret
689 3261 752 3307 acta
764 3251 870 3326 legenti
882 3255 895 3310 1

108 3333 164 3389 Sed
179 3351 270 3410 genus
284 3333 427 3408 ignavum,
439 3331 513 3406 quod
527 3329 602 3388 lecto
614 3329 719 3404 gaudet
731 3339 761 3386 et
773 3329 882 3388 umbri.
1027 3331 1084 3390 105

145 3409 201 3467 Dic
215 3411 311 3486 igitur,
324 3410 393 3485 quid
406 3409 559 3466 causidicis
572 3407 664 3466 civilia
676 3417 810 3484 praestcnt

107 3488 219 3560 Officia,
232 3499 261 3546 et
272 3507 375 3564 magno
389 3487 506 3546 comites
519 3487 548 3543 in
563 3486 639 3542 fasce
652 3485 762 3543 libellil

108 3566 166 3642 Ipsi
179 3585 284 3642 magna
296 3577 408 3637 sonant,
422 3567 471 3622 sed
485 3576 564 3638 tunc,
575 3581 663 3638 quum
676 3565 798 3622 creditor
810 3565 897 3638 audit,

108 3641 265 3720 Praecipud,
279 3645 323 3702 vel
337 3643 361 3700 si
374 3644 467 3719 tetigit
479 3644 554 3701 latus
568 3643 658 3700 acrior
672 3641 730 3715 illo,

107 3721 167 3784 Qui
182 3723 260 3780 venit
273 3723 309 3780 ad
323 3721 441 3778 dubium
454 3722 554 3798 grandi
568 3739 634 3778 cum
647 3721 746 3778 codice
760 3739 873 3780 nomen.
1027 3723 1083 3782 110

108 3798 193 3858 Tunc
207 3801 345 3858 immensa
358 3799 421 3856 cavi
434 3801 541 3875 spirant
557 3798 707 3856 mendacia
720 3799 808 3872 folles,
826 3859 828 3872 ¹

108 3877 333 3955 conspuiturque
347 3877 433 3936 sinus.
474 3878 579 3935 Veram
593 3875 770 3953 deprendere
783 3895 905 3936 messem
