2628 4430
280 711 341 784 n.
381 713 559 788 JUN11
598 715 955 820 Juvaurnrs

538 971 703 1016 alturnam

433 1195 805 1262 SATIRARUM

502 1447 606 1496 LIBER
623 1449 766 1498 Paratus,

512 1879 671 1938 SATIRA
692 1879 716 1938 1.

159 2037 289 2094 Sarrana
302 2055 356 2112 ego
370 2037 481 2094 auditor
496 2036 629 2096 tantdml
650 2057 834 2114 nunquamne
844 2058 990 2115 reponam,

110 2115 250 2184 Vexatus
264 2115 346 2172 toties
359 2116 438 2172 rauci
453 2115 598 2173 Theseide
614 2119 721 2174 Codril

113 2193 245 2270 Impune
260 2191 328 2268 ergd
344 2194 413 2250 mihi
428 2195 587 2252 recitaverit
601 2195 648 2252 ille
663 2207 780 2270 togatas,

115 2271 181 2328 Hic
195 2273 312 2348 elegos?
333 2273 449 2348 impune
464 2273 539 2330 diern
555 2275 760 2349 consumpserit
774 2275 875 2348 ingens

114 2351 290 2426 Telephusl
311 2362 360 2407 aut
374 2352 477 2408 summi
491 2353 576 2426 plenia
587 2373 645 2428 Jam
660 2353 787 2428 margine
801 2353 865 2410 libri

118 2431 253 2504 Scriptus
268 2429 338 2486 etin
354 2441 442 2504 terg0,
457 2449 511 2486 nec
526 2431 592 2486 dum
608 2431 713 2501 finitus,
728 2431 865 2488 Orestesl

161 2507 239 2565 Nota
253 2508 344 2584 magis
358 2509 426 2564 nulli
441 2510 542 2566 domus
556 2520 598 2564 est
612 2528 672 2578 sua,
686 2508 772 2582 quam
787 2511 856 2566 mihi
870 2510 952 2565 lucus

118 2585 233 2658 Martia,
248 2597 276 2642 et
290 2585 391 2643 AEoliis
406 2587 530 2643 vicinum
546 2587 662 2662 rupibus
673 2597 784 2643 antrum

118 2665 255 2722 Vulcani.
295 2663 376 2725 Quid
392 2677 477 2740 agant
492 2666 578 2734 venti,
592 2685 662 2740 quas
676 2676 803 2740 torqueat
816 2666 931 2723 umbras

119 2743 241 2813 AEacuS,
256 2743 331 2800 unde
347 2744 418 2800 alius
433 2745 541 2800 furtivae
556 2745 675 2802 devehat
689 2763 790 2802 aururn
1072 2747 1110 2807 to

117 2821 276 2889 Pelliculae,
291 2833 410 2896 quantas
421 2823 561 2898 jaculetur
576 2823 738 2898 Monychus
751 2844 844 2895 ornos,

118 2900 274 2958 Frontonis
288 2901 403 2976 platani,
418 2902 608 2976 convulsaque
636 2923 776 2960 marmora
790 2903 914 2961 clamant

119 2981 250 3055 Semper,
265 2991 294 3036 et
307 2979 420 3036 assiduo
434 2992 522 3054 ruptae
537 2981 641 3038 lectore
655 2984 804 3039 columnae.

119 3059 387 3134 Exspecteseadem
403 3078 419 3115 a
433 3056 543 3116 summo
558 3060 730 3134 minimoque
744 3059 826 3134 poeti

160 3136 199 3194 Et
213 3156 264 3194 nos
277 3134 346 3212 ergd
361 3155 476 3194 manum
493 3138 587 3198 ferula
602 3137 798 3206 subduximus,
812 3148 842 3194 et
856 3157 908 3194 nos

118 3215 279 3274 Consilium
295 3215 425 3272 dedimus
440 3217 536 3286 Sulla,
550 3216 673 3290 privatus
687 3226 718 3272 ut
730 3215 819 3276 altum

118 3294 273 3352 Dormiret.
326 3294 417 3352 Stulta
430 3305 473 3350 est
487 3295 649 3365 clementia,
663 3313 748 3369 quum
764 3304 805 3352 tot
818 3293 921 3368 ubique

118 3373 244 3430 Vatibus
256 3389 398 3444 occurras,
413 3375 544 3449 periturae
558 3393 674 3448 parcere
688 3372 802 3430 chartae.

160 3452 221 3508 Cur
234 3463 329 3508 tamen
344 3453 399 3508 hoc
412 3451 505 3528 potiris
519 3451 605 3508 libeat
619 3453 769 3508 decurrere
783 3469 894 3525 campo,

117 3529 176 3587 Per
190 3549 273 3604 quem
289 3550 409 3605 magnus
423 3531 670 3608 equosAuruncae
685 3530 762 3588 flexit
777 3530 919 3600 alumnus,
1013 3589 1015 3594 ,

119 3609 153 3666 Si
168 3621 259 3680 vacat,
273 3622 302 3666 et
315 3609 419 3684 placidi
434 3613 570 3676 rationem
584 3609 740 3680 admittitis,
754 3609 846 3666 edam.

107 3689 221 3750 Quum
236 3698 315 3744 tener
330 3697 445 3744 uxorein
461 3689 546 3746 ducat
560 3688 657 3763 spado,
674 3687 777 3744 Maevia
791 3687 922 3744 Tuscum

119 3766 206 3842 Figat
221 3785 330 3842 aprum,
344 3778 373 3823 et
386 3767 464 3822 nudd
478 3777 573 3829 teneat
587 3767 725 3824 venabula
739 3765 882 3835 mamm&

119 3845 259 3903 Patricios
272 3863 372 3902 omnes
385 3845 486 3920 opibus
499 3864 585 3919 quum
600 3857 733 3920 provocet
747 3864 833 3918 unus,

361 3923 376 3980 l
