2628 4430
263 723 935 802 D.JUN11J1JvENAL18

519 981 683 1028 summm

416 1203 788 1270 SATIRARUM

462 1456 567 1506 Ltumt
582 1457 739 1508 TERTIUS.

474 1885 632 1946 sATlltA
652 1887 720 1948 VII.

143 2041 190 2102 En
203 2063 279 2120 spes,
293 2055 323 2102 et
334 2043 406 2102 ratio
420 2043 577 2102 studiorum
591 2045 620 2102 in
635 2045 748 2104 Oaesare
762 2042 874 2105 tantbm
888 2065 896 2104 ε

110 2119 191 2180 Solus
203 2122 283 2180 enim
297 2122 390 2179 tristes
403 2121 458 2179 hta
473 2133 638 2198 tempestate
653 2123 805 2181 Camoenas

109 2197 259 2277 Respexit,
273 2219 361 2275 quum
373 2199 430 2276 jam
445 2201 580 2272 celebres,
594 2201 710 2276 notique
724 2205 817 2277 poete

108 2277 276 2336 Balneolum
290 2277 400 2350 Gabiis,
415 2277 517 2336 Romae
531 2279 692 2336 conducere
707 2279 805 2338 fumos

108 2355 286 2425 Tentarent;
308 2375 362 2414 nec
376 2357 482 2414 foedum
496 2357 554 2430 alii,
570 2377 625 2415 nec
638 2368 718 2434 turpe
732 2367 863 2434 putarent
1071 2355 1095 2416 ὅ

107 2433 258 2496 Ptaecones
271 2433 342 2506 fieri,
356 2453 453 2510 quum,
468 2435 585 2494 desertis
599 2435 765 2512 Aganippes

107 2509 247 2586 vallibus,
262 2513 390 2571 esuriens
404 2515 537 2589 migraret
550 2515 579 2572 in
594 2513 665 2570 atria
678 2513 750 2571 ctio.

9 2613 11 2622 ⁴
107 2589 192 2664 Nam,
208 2593 232 2650 si
246 2579 341 2648 Pierii
354 2591 495 2666 quadrans
509 2591 559 2648 tibi
573 2591 667 2648 nullus
680 2591 710 2648 in
724 2591 824 2649 umbri

10 2739 11 2744 ἵ
107 2669 293 2742 Ostendetur,
308 2687 386 2726 ames
400 2687 504 2726 nomen
518 2670 678 2746 victumque
693 2667 855 2744 Machaerae,

10 2749 12 2760 ,
107 2747 265 2808 Etvendas
277 2745 381 2824 potiris,
392 2747 542 2805 commissa
555 2748 629 2824 quod
644 2748 738 2807 auctio
751 2749 846 2808 vendit
1055 2749 1092 2810 1⁰

10 2807 12 2860 Ι
108 2827 264 2899 Stantibus,
278 2827 473 2902 oenophorum,
487 2827 619 2904 tripodas,
633 2827 764 2902 armaria,
778 2829 874 2902 cistas,

108 2903 267 2981 Alcyonem
282 2903 381 2976 Pacci,
394 2904 511 2962 Thebas
524 2917 553 2963 et
566 2905 661 2964 Terea
675 2905 782 2964 Fausti.

11 3019 12 3050 1
107 2983 172 3041 Hoc
185 2983 285 3054 satius,
299 2979 383 3056 qudm
398 2983 421 3039 si
435 2983 515 3040 dicas
529 2985 581 3040 sub
593 2985 701 3061 judice,
715 2985 794 3060 Vidi,

11 3065 14 3170 ι
106 3062 195 3124 Quod
209 3079 267 3119 non
283 3061 383 3118 vidisti.
425 3059 546 3118 Faciant
559 3063 667 3136 equites
682 3061 783 3118 Asiani

13 3171 14 3176 κ
107 3140 293 3216 Quanquam,
307 3149 336 3195 et
349 3137 536 3216 Cappadoces
547 3139 661 3210 saciant,
675 3139 838 3214 equitesque
852 3139 979 3216 Bithyni,
1071 3141 1092 3198 ὖ

107 3220 206 3280 Altera
217 3237 289 3294 quos
302 3219 380 3278 nudo
394 3215 516 3274 traducit
528 3215 621 3272 Gallia
633 3215 698 3272 talo.

14 3333 15 3348 r
107 3294 202 3356 Ne'mo
215 3309 312 3354 tamen
326 3295 426 3354 studiis
440 3293 589 3372 indiguum
603 3293 676 3351 serre
689 3291 816 3352 laborem

108 3377 233 3453 (lugetur
243 3374 370 3450 posthac,
385 3371 474 3430 nectit
483 3373 645 3450 quicunque
659 3371 771 3430 canoris

57 3483 61 3494 ·
108 3455 258 3531 Eloquium
273 3451 370 3509 vocale
384 3453 484 3524 modis,
498 3451 665 3526 laurumque
679 3451 837 3510 momordit

108 3533 172 3592 Hoc
186 3532 273 3608 agite,
284 3550 303 3588 ο
313 3529 450 3605 juvenes:
471 3529 674 3606 circumspicit,
688 3539 716 3587 et
730 3529 855 3589 stimulat
868 3549 927 3604 ros,
1052 3529 1092 3590 ἢ)
1115 3589 1123 3599 ,

109 3610 313 3684 Materiamque
327 3608 381 3664 sibi
392 3607 482 3665 Ducis
495 3607 674 3684 indulgentia
686 3609 794 3684 quaerit.
807 3605 813 3610 ’

109 3686 208 3765 Siqua
222 3687 338 3746 aliunde
352 3695 435 3762 putas
449 3705 543 3744 rerum
556 3687 749 3762 exspectanda
761 3699 875 3746 tuarum

109 3767 253 3836 Praesidio,
268 3775 351 3840 atque
365 3765 430 3821 ideo
445 3783 553 3822 crocea
568 3766 732 3823 membrana
745 3766 855 3824 tabellae

110 3845 246 3925 impletur
258 3863 265 3914 ;
286 3843 547 3976 lignorum4aliquid
560 3863 646 3920 posce
660 3842 751 3918 ocius,
765 3855 804 3918 et,
818 3863 881 3924 qu·
