2628 4430
525 415 648 464 statut
666 416 726 464 Vll.

120 551 220 610 Ndsse
235 554 322 613 velint
335 575 445 628 omnes,
460 558 621 616 mercedem
635 558 742 616 solvere
756 577 850 618 nemo.

120 629 290 691 Mercedem
304 634 445 710 appellasl
465 635 530 710 quid
546 635 624 692 enim
638 636 716 694 sciol
757 637 850 772 Culpa
863 637 992 696 docentis

119 709 242 768 Scilicet
256 713 392 787 arguitur,
409 710 484 788 qudd
498 713 569 770 laevt
583 714 612 772 in
626 725 704 790 parte
718 716 850 772 mamilae

118 786 171 844 Nil
187 789 254 847 salit
267 791 412 848 Arcadico
422 791 529 866 juveni,
544 791 626 867 cujus
639 793 710 850 mihi
724 793 804 850 sexta
1051 795 1108 852 16⁰

117 865 248 942 Quaque
262 869 309 924 die
323 868 457 926 miserum
470 870 548 927 dirus
559 879 644 946 caput
657 869 804 928 Hannibal
818 871 932 948 implet3

118 943 272 1019 Quidquid
287 947 316 1003 id
330 957 383 1018 est,
397 947 433 1004 de
446 967 501 1022 quo
514 947 661 1020 deliberat,
675 968 712 1006 au
725 961 802 1024 petat
815 947 922 1008 Urbem

120 1022 148 1079 A
163 1022 287 1096 Cannis,
300 1043 338 1082 an
351 1035 414 1100 post
427 1025 537 1083 nimbos
550 1036 579 1082 et
593 1025 711 1084 fulmina
725 1037 826 1084 cautus

120 1099 295 1178 Cicumagat
308 1103 435 1160 madidas
449 1122 466 1160 a
479 1115 644 1180 tempestate
658 1105 797 1162 cobortes.

118 1177 273 1240 Quantum
288 1181 329 1245 vis
342 1179 487 1256 stipulare,
501 1192 530 1240 et
541 1193 676 1258 protenus
689 1183 798 1259 accipe,
812 1183 887 1260 quod
901 1183 948 1258 do,
1051 1186 1106 1244 165

118 1255 157 1314 Ut
170 1259 256 1316 toties
269 1259 350 1316 illum
362 1270 440 1335 pater
454 1260 559 1318 audiat.
601 1260 674 1318 Haec
688 1262 735 1318 alii
749 1281 799 1320 sex

118 1335 174 1392 Vel
188 1337 286 1411 plures
299 1356 357 1394 uno
367 1339 548 1396 conclamant
561 1358 609 1396 ore
623 1340 765 1415 sophistae,

117 1411 156 1470 Et
170 1433 252 1471 veras
266 1416 374 1491 agitant
388 1415 460 1489 lites,
474 1428 583 1492 raptore
597 1417 696 1476 relicto
704 1439 711 1488 ;

117 1491 197 1549 Fusa
210 1512 322 1552 venena
335 1493 428 1566 silent,
443 1495 534 1552 malus
547 1495 729 1572 ingratusque
743 1497 871 1572 maritus,

116 1568 156 1628 Et
188 1589 234 1627 uae
245 1570 304 1646 jam
316 1583 423 1630 veteres
436 1584 538 1630 sanant
551 1575 683 1632 mortaria
696 1595 796 1633 caecos.

116 1647 197 1724 Ergo
212 1649 267 1706 sibi
281 1649 359 1708 dabit
372 1651 431 1727 ipse
445 1652 555 1722 rudem,
570 1652 702 1710 sinestra
716 1655 868 1712 movebunt

116 1725 257 1800 Consilia,
271 1739 300 1786 et
313 1729 376 1787 vitae
392 1730 533 1787 diversum
549 1730 601 1787 iter
615 1729 800 1806 ingredietur,

115 1805 166 1861 Ad
180 1825 306 1882 pugnam
320 1808 368 1884 qui
382 1807 522 1868 rhetorica
535 1807 683 1867 descendit
696 1810 732 1868 ab
745 1811 855 1884 umbri,

115 1883 269 1942 Summula
283 1905 319 1943 ne
333 1898 438 1962 pereat,
452 1887 508 1964 qud
523 1887 584 1944 vilis
598 1899 703 1946 tessera
717 1889 794 1947 venit

114 1960 285 2021 Frumenti:
306 1965 409 2042 quippe
423 1965 484 2023 hac
499 1985 608 2024 merces
622 1967 786 2026 lautissima.
827 1967 933 2042 Teuta,

114 2040 324 2118 Chrysogonus
337 2044 434 2118 quanti
448 2045 558 2115 doceat,
573 2045 615 2102 vel
630 2045 720 2104 Pollio
734 2047 832 2122 quanti

114 2117 273 2176 Lautorum
287 2141 398 2196 pueros,
413 2133 502 2180 artem
516 2123 650 2180 scindens
664 2123 818 2182 Theodori.

113 2196 227 2256 Balnea
237 2200 390 2272 sexcentis,
404 2212 433 2258 et
445 2201 534 2276 pluris
546 2201 680 2277 porticus,
695 2201 725 2259 in
738 2203 795 2281 qud

112 2275 251 2334 Gestatur
264 2278 405 2352 domiuus,
419 2280 528 2356 quoties
541 2279 620 2356 pluit.
662 2281 749 2338 Anne
764 2299 896 2338 serenum

113 2353 280 2431 Exspectet,
295 2369 462 2434 spargatque
475 2357 535 2416 luto
552 2359 681 2435 jumenta
695 2360 826 2417 recentil

114 2431 175 2492 Hic
189 2431 301 2510 potius:
323 2455 444 2512 namque
458 2436 507 2494 hic
521 2438 635 2494 munda
649 2439 720 2496 nitet
734 2438 842 2514 ungula
855 2437 939 2496 mulae

112 2510 200 2570 Parte
214 2513 270 2570 alit
283 2513 375 2590 longis
389 2514 580 2572 Numidarum
594 2516 663 2572 fulta
676 2515 816 2573 columnis

115 2589 230 2667 Surget,
244 2603 273 2650 et
286 2593 429 2669 algentem
442 2593 532 2668 rapiat
545 2593 667 2650 coeuatio
680 2591 776 2650 solem.

113 2669 342 2746 Quanticunque
356 2672 467 2742 domus,
478 2673 582 2744 veniet,
597 2671 644 2746 qui
659 2671 766 2729 fercula
779 2669 863 2730 doctd

113 2747 290 2824 Componat3
311 2751 415 2822 veniet,
428 2751 476 2826 qui
490 2750 679 2828 pulmentaria
692 2752 804 2810 condat.

112 2825 178 2884 Hos
192 2827 265 2885 inter
279 2840 407 2905 sumptus
418 2831 546 2888 sestertia
558 2830 749 2903 Quintiliano,

111 2903 151 2962 Ut
165 2906 296 2978 multum,
311 2907 367 2964 duo
381 2908 529 2966 sufficient.
571 2909 633 2967 Res
647 2909 724 2968 nulla
744 2909 861 2968 minoris

112 2981 266 3045 Constabit
278 2987 359 3060 patri,
373 2985 459 3062 quiam
473 2987 555 3044 lilius.
597 2988 680 3045 Unde
694 2989 780 3064 igitur
793 2997 835 3046 tot

110 3061 311 3124 Quintilianus
324 3065 409 3122 habet
424 3065 531 3122 saltusl
572 3065 712 3140 Exempla
724 3085 860 3123 novorum

112 3139 249 3198 Fatorum
264 3142 370 3200 transi:
391 3143 467 3214 felix,
481 3156 511 3200 et
523 3141 651 3216 pulcher,
665 3155 694 3199 et
707 3160 772 3200 acer
784 3161 791 3210 ;

111 3218 204 3291 Felix,
219 3232 248 3278 et
262 3221 383 3296 sapiens,
398 3232 427 3278 et
440 3220 553 3292 nobilis,
567 3231 595 3277 et
608 3238 762 3296 generosus

111 3298 280 3374 Appositum
295 3300 386 3376 nigra
398 3301 495 3358 lunam
509 3299 633 3356 subtexit
647 3298 749 3355 alutae:

111 3375 204 3449 Felix,
218 3389 310 3436 orator
323 3398 433 3454 quoque
447 3379 586 3438 maximus
600 3387 629 3434 et
639 3375 793 3453 jaculator;

110 3453 158 3528 Et,
172 3456 196 3513 s'i
210 3457 347 3532 perfrixit,
362 3468 458 3516 cantat
474 3458 555 3514 bene.
596 3455 691 3514 Distat
704 3455 793 3528 enim,
806 3473 870 3532 quae

111 3532 213 3592 Sidera
226 3546 254 3592 te
267 3535 411 3611 excipiant
424 3533 509 3594 modd
523 3535 628 3611 primos
641 3533 826 3612 incipientem
1039 3533 1096 3596 195

109 3610 204 3670 Edere
218 3615 338 3691 vagitus,
348 3624 378 3670 et
391 3615 484 3672 adhuc
498 3635 515 3674 a
528 3625 616 3672 matre
630 3613 787 3672 rubentem.

110 3689 143 3747 Si
158 3689 285 3750 Fortuna
298 3691 382 3764 volet,
396 3691 446 3750 fies
460 3695 496 3752 de
510 3695 621 3752 rhetore
635 3693 753 3751 consul:

110 3769 142 3826 Si
156 3770 231 3828 volet
244 3772 306 3829 baec
319 3771 430 3843 eadem,
444 3771 496 3830 fies
509 3773 545 3830 de
559 3772 676 3829 consule
689 3772 792 3829 rhetor.

109 3847 263 3907 Ventidius
273 3849 340 3925 quid
354 3849 454 3907 eniml
474 3850 542 3925 quid
556 3850 690 3908 Tulliusl
711 3869 786 3909 anne
800 3849 886 3927 aliud,
901 3851 987 3930 qudm

110 3925 207 4001 Sidus,
221 3938 250 3986 et
262 3927 367 4064 occult⁴i
376 3927 509 4057 phasur
521 3929 648 4006 potentia
661 3929 732 3988 fatil
1034 3929 1093 3988 200
