<?xml version="1.0" encoding="UTF-8"?>
<!DOCTYPE html PUBLIC "-//W3C//DTD XHTML 1.0 Transitional//EN"
    "http://www.w3.org/TR/xhtml1/DTD/xhtml1-transitional.dtd">
<html xmlns="http://www.w3.org/1999/xhtml" xml:lang="en" lang="en">
 <head>
  <title>
</title>
<meta http-equiv="Content-Type" content="text/html;charset=utf-8" />
  <meta name='ocr-system' content='tesseract 3.04.00' />
  <meta name='ocr-capabilities' content='ocr_page ocr_carea ocr_par ocr_line ocrx_word'/>
</head>
<body>
  <div class='ocr_page' id='page_1' title='image "./decimijuniijuve02persgoog_0084.png"; bbox 0 0 2628 4430; ppageno 0'>
   <div class='ocr_carea' id='block_1_1' title="bbox 478 364 695 424">
    <p class='ocr_par' dir='ltr' id='par_1_1' title="bbox 478 364 695 424">
     <span class='ocr_line' id='line_1_1' title="bbox 478 364 695 424; baseline 0 -2"><span class='ocrx_word' id='word_1_1' title='bbox 478 364 602 424; x_wconf 68' lang='lat' dir='ltr'>stitus</span> <span class='ocrx_word' id='word_1_2' title='bbox 617 373 695 424; x_wconf 88' lang='lat' dir='ltr'>Xlll.</span> 
     </span>
    </p>
   </div>
   <div class='ocr_carea' id='block_1_2' title="bbox 17 516 1070 3937">
    <p class='ocr_par' dir='ltr' id='par_1_2' title="bbox 17 516 1070 3922">
     <span class='ocr_line' id='line_1_2' title="bbox 88 516 923 594; baseline -0.005 -18"><span class='ocrx_word' id='word_1_3' title='bbox 88 517 166 576; x_wconf 73' lang='lat' dir='ltr'>Heu</span> <span class='ocrx_word' id='word_1_4' title='bbox 179 528 267 594; x_wconf 88' lang='lat' dir='ltr'>quota</span> <span class='ocrx_word' id='word_1_5' title='bbox 279 534 344 593; x_wconf 85' lang='lat' dir='ltr'>pars</span> <span class='ocrx_word' id='word_1_6' title='bbox 355 516 507 588; x_wconf 84' lang='lat' dir='ltr'>seelerum,</span> <span class='ocrx_word' id='word_1_7' title='bbox 516 534 580 592; x_wconf 79' lang='lat' dir='ltr'>que</span> <span class='ocrx_word' id='word_1_8' title='bbox 592 527 687 576; x_wconf 79' lang='lat' dir='ltr'>eustos</span> <span class='ocrx_word' id='word_1_9' title='bbox 699 516 825 576; x_wconf 83' lang='lat' dir='ltr'>Gellious</span> <span class='ocrx_word' id='word_1_10' title='bbox 839 516 923 576; x_wconf 86' lang='lat' dir='ltr'>Urbis</span> 
     </span>
     <span class='ocr_line' id='line_1_3' title="bbox 87 595 772 672; baseline -0.001 -17"><span class='ocrx_word' id='word_1_11' title='bbox 87 599 187 672; x_wconf 83' lang='lat' dir='ltr'><strong>Usque</strong></span> <span class='ocrx_word' id='word_1_12' title='bbox 202 617 221 654; x_wconf 88' lang='lat' dir='ltr'>a</span> <span class='ocrx_word' id='word_1_13' title='bbox 233 595 361 668; x_wconf 57' lang='lat' dir='ltr'>lucrifera,</span> <span class='ocrx_word' id='word_1_14' title='bbox 376 597 468 654; x_wconf 88' lang='lat' dir='ltr'>donee</span> <span class='ocrx_word' id='word_1_15' title='bbox 481 596 528 652; x_wconf 85' lang='lat' dir='ltr'>lux</span> <span class='ocrx_word' id='word_1_16' title='bbox 540 596 661 668; x_wconf 81' lang='lat' dir='ltr'>oecidat,</span> <span class='ocrx_word' id='word_1_17' title='bbox 677 595 772 654; x_wconf 72' lang='lat' dir='ltr'>auditi</span> 
     </span>
     <span class='ocr_line' id='line_1_4' title="bbox 87 673 735 752; baseline -0.008 -15"><span class='ocrx_word' id='word_1_18' title='bbox 87 676 223 737; x_wconf 74' lang='lat' dir='ltr'>Humani</span> <span class='ocrx_word' id='word_1_19' title='bbox 237 677 350 752; x_wconf 84' lang='lat' dir='ltr'>generis</span> <span class='ocrx_word' id='word_1_20' title='bbox 361 693 455 735; x_wconf 82' lang='lat' dir='ltr'>mores</span> <span class='ocrx_word' id='word_1_21' title='bbox 470 675 520 732; x_wconf 92' lang='lat' dir='ltr'>tibi</span> <span class='ocrx_word' id='word_1_22' title='bbox 533 673 618 732; x_wconf 80' lang='lat' dir='ltr'>nbsse</span> <span class='ocrx_word' id='word_1_23' title='bbox 631 674 735 734; x_wconf 90' lang='lat' dir='ltr'>volenti</span> 
     </span>
     <span class='ocr_line' id='line_1_5' title="bbox 87 754 826 827; baseline -0.001 -14"><span class='ocrx_word' id='word_1_24' title='bbox 87 757 206 814; x_wconf 88' lang='lat' dir='ltr'>Suffieit</span> <span class='ocrx_word' id='word_1_25' title='bbox 219 773 279 812; x_wconf 85' lang='lat' dir='ltr'>une</span> <span class='ocrx_word' id='word_1_26' title='bbox 292 755 400 812; x_wconf 90' lang='lat' dir='ltr'>domus.</span> <span class='ocrx_word' id='word_1_27' title='bbox 442 755 551 813; x_wconf 86' lang='lat' dir='ltr'>Paueos</span> <span class='ocrx_word' id='word_1_28' title='bbox 564 772 699 811; x_wconf 77' lang='lat' dir='ltr'><strong>consume</strong></span> <span class='ocrx_word' id='word_1_29' title='bbox 713 754 783 827; x_wconf 87' lang='lat' dir='ltr'>dies,</span> <span class='ocrx_word' id='word_1_30' title='bbox 797 766 826 812; x_wconf 91' lang='lat' dir='ltr'>et</span> 
     </span>
     <span class='ocr_line' id='line_1_6' title="bbox 17 833 877 912; baseline -0.003 -17"><span class='ocrx_word' id='word_1_31' title='bbox 17 881 19 912; x_wconf 79' lang='grc'><strong>,</strong></span> <span class='ocrx_word' id='word_1_32' title='bbox 87 835 196 894; x_wconf 78' lang='lat' dir='ltr'>Disere</span> <span class='ocrx_word' id='word_1_33' title='bbox 211 847 240 893; x_wconf 91' lang='lat' dir='ltr'>te</span> <span class='ocrx_word' id='word_1_34' title='bbox 254 833 398 906; x_wconf 89' lang='lat' dir='ltr'>miserum,</span> <span class='ocrx_word' id='word_1_35' title='bbox 413 845 559 908; x_wconf 79' lang='lat' dir='ltr'><strong>postquam</strong></span> <span class='ocrx_word' id='word_1_36' title='bbox 572 833 650 890; x_wconf 86' lang='lat' dir='ltr'>illino</span> <span class='ocrx_word' id='word_1_37' title='bbox 664 833 781 904; x_wconf 86' lang='lat' dir='ltr'>veneris,</span> <span class='ocrx_word' id='word_1_38' title='bbox 795 835 877 892; x_wconf 84' lang='lat' dir='ltr'>eude.</span> 
     </span>
     <span class='ocr_line' id='line_1_7' title="bbox 17 913 907 990; baseline -0.003 -17"><span class='ocrx_word' id='word_1_39' title='bbox 17 923 19 938; x_wconf 87' lang='lat'>&#39;</span> <span class='ocrx_word' id='word_1_40' title='bbox 87 916 164 978; x_wconf 81' lang='lat' dir='ltr'>Quis</span> <span class='ocrx_word' id='word_1_41' title='bbox 177 914 432 990; x_wconf 73' lang='lat' dir='ltr'>tumiduunguttur</span> <span class='ocrx_word' id='word_1_42' title='bbox 447 915 561 972; x_wconf 86' lang='lat' dir='ltr'>miratur</span> <span class='ocrx_word' id='word_1_43' title='bbox 576 913 605 970; x_wconf 91' lang='lat' dir='ltr'>in</span> <span class='ocrx_word' id='word_1_44' title='bbox 620 913 761 987; x_wconf 83' lang='lat' dir='ltr'>Alpibnsl</span> <span class='ocrx_word' id='word_1_45' title='bbox 782 925 831 972; x_wconf 89' lang='lat' dir='ltr'>aut</span> <span class='ocrx_word' id='word_1_46' title='bbox 843 913 907 988; x_wconf 92' lang='lat' dir='ltr'>quis</span> 
     </span>
     <span class='ocr_line' id='line_1_8' title="bbox 90 991 805 1068; baseline -0.007 -16"><span class='ocrx_word' id='word_1_47' title='bbox 90 994 123 1052; x_wconf 92' lang='lat' dir='ltr'>ln</span> <span class='ocrx_word' id='word_1_48' title='bbox 137 993 243 1052; x_wconf 72' lang='lat' dir='ltr'>Meroe</span> <span class='ocrx_word' id='word_1_49' title='bbox 259 1010 353 1050; x_wconf 84' lang='lat' dir='ltr'>orasse</span> <span class='ocrx_word' id='word_1_50' title='bbox 366 993 500 1068; x_wconf 87' lang='lat' dir='ltr'>majorem</span> <span class='ocrx_word' id='word_1_51' title='bbox 513 992 620 1050; x_wconf 81' lang='lat' dir='ltr'>infante</span> <span class='ocrx_word' id='word_1_52' title='bbox 634 991 805 1048; x_wconf 80' lang='lat' dir='ltr'>memiliaml</span> 
     </span>
     <span class='ocr_line' id='line_1_9' title="bbox 92 1069 801 1148; baseline -0.003 -18"><span class='ocrx_word' id='word_1_53' title='bbox 92 1074 208 1130; x_wconf 75' lang='lat' dir='ltr'>Gerula</span> <span class='ocrx_word' id='word_1_54' title='bbox 220 1072 285 1148; x_wconf 90' lang='lat' dir='ltr'>quis</span> <span class='ocrx_word' id='word_1_55' title='bbox 299 1072 406 1148; x_wconf 83' lang='lat' dir='ltr'>stupuit</span> <span class='ocrx_word' id='word_1_56' title='bbox 418 1072 554 1130; x_wconf 83' lang='lat' dir='ltr'>Germani</span> <span class='ocrx_word' id='word_1_57' title='bbox 569 1071 686 1143; x_wconf 86' lang='lat' dir='ltr'>lumina,</span> <span class='ocrx_word' id='word_1_58' title='bbox 700 1069 801 1128; x_wconf 82' lang='lat' dir='ltr'>flavam</span> 
     </span>
     <span class='ocr_line' id='line_1_10' title="bbox 92 1151 841 1226; baseline -0.004 -16"><span class='ocrx_word' id='word_1_59' title='bbox 92 1152 258 1224; x_wconf 70' lang='lat' dir='ltr'>Cesuiem,</span> <span class='ocrx_word' id='word_1_60' title='bbox 271 1162 301 1208; x_wconf 90' lang='lat' dir='ltr'>et</span> <span class='ocrx_word' id='word_1_61' title='bbox 315 1151 427 1213; x_wconf 85' lang='lat' dir='ltr'>madido</span> <span class='ocrx_word' id='word_1_62' title='bbox 440 1162 616 1226; x_wconf 78' lang='lat' dir='ltr'>torquentem</span> <span class='ocrx_word' id='word_1_63' title='bbox 629 1169 736 1208; x_wconf 81' lang='lat' dir='ltr'>eoruua</span> <span class='ocrx_word' id='word_1_64' title='bbox 749 1151 841 1210; x_wconf 86' lang='lat' dir='ltr'>oirrol</span> 
     </span>
     <span class='ocr_line' id='line_1_11' title="bbox 96 1229 831 1308; baseline 0.001 -19"><span class='ocrx_word' id='word_1_65' title='bbox 96 1231 205 1308; x_wconf 82' lang='lat' dir='ltr'><strong>Nempe</strong></span> <span class='ocrx_word' id='word_1_66' title='bbox 218 1229 298 1306; x_wconf 81' lang='lat' dir='ltr'>qubd</span> <span class='ocrx_word' id='word_1_67' title='bbox 312 1231 373 1286; x_wconf 78' lang='lat' dir='ltr'>heo</span> <span class='ocrx_word' id='word_1_68' title='bbox 387 1231 442 1290; x_wconf 88' lang='lat' dir='ltr'>illis</span> <span class='ocrx_word' id='word_1_69' title='bbox 455 1243 555 1290; x_wconf 81' lang='lat' dir='ltr'>ustura</span> <span class='ocrx_word' id='word_1_70' title='bbox 568 1241 611 1290; x_wconf 91' lang='lat' dir='ltr'>est</span> <span class='ocrx_word' id='word_1_71' title='bbox 620 1229 753 1291; x_wconf 88' lang='lat' dir='ltr'>omuibus</span> <span class='ocrx_word' id='word_1_72' title='bbox 765 1249 831 1290; x_wconf 84' lang='lat' dir='ltr'>uua.</span> 
     </span>
     <span class='ocr_line' id='line_1_12' title="bbox 94 1308 885 1384; baseline 0 -16"><span class='ocrx_word' id='word_1_73' title='bbox 94 1312 136 1368; x_wconf 79' lang='lat' dir='ltr'>td</span> <span class='ocrx_word' id='word_1_74' title='bbox 151 1310 264 1368; x_wconf 87' lang='lat' dir='ltr'>subitas</span> <span class='ocrx_word' id='word_1_75' title='bbox 279 1308 426 1366; x_wconf 87' lang='lat' dir='ltr'>Thraoum</span> <span class='ocrx_word' id='word_1_76' title='bbox 440 1310 567 1366; x_wconf 83' lang='lat' dir='ltr'>volueres</span> <span class='ocrx_word' id='word_1_77' title='bbox 580 1310 740 1384; x_wconf 90' lang='lat' dir='ltr'>nubemque</span> <span class='ocrx_word' id='word_1_78' title='bbox 754 1329 885 1368; x_wconf 86' lang='lat' dir='ltr'>sonoram</span> 
     </span>
     <span class='ocr_line' id='line_1_13' title="bbox 91 1388 739 1467; baseline -0.005 -19"><span class='ocrx_word' id='word_1_79' title='bbox 91 1390 244 1467; x_wconf 76' lang='lat' dir='ltr'>Pygmaeus</span> <span class='ocrx_word' id='word_1_80' title='bbox 256 1389 349 1466; x_wconf 90' lang='lat' dir='ltr'>parvis</span> <span class='ocrx_word' id='word_1_81' title='bbox 362 1389 450 1445; x_wconf 88' lang='lat' dir='ltr'>ourrit</span> <span class='ocrx_word' id='word_1_82' title='bbox 465 1388 579 1446; x_wconf 79' lang='lat' dir='ltr'>bellator</span> <span class='ocrx_word' id='word_1_83' title='bbox 592 1389 623 1446; x_wconf 87' lang='lat' dir='ltr'>iu</span> <span class='ocrx_word' id='word_1_84' title='bbox 637 1389 739 1446; x_wconf 84' lang='lat' dir='ltr'>ermis:</span> 
     </span>
     <span class='ocr_line' id='line_1_14' title="bbox 90 1467 761 1545; baseline 0 -19"><span class='ocrx_word' id='word_1_85' title='bbox 90 1469 163 1530; x_wconf 71' lang='lat' dir='ltr'>Mon</span> <span class='ocrx_word' id='word_1_86' title='bbox 173 1469 265 1545; x_wconf 85' lang='lat' dir='ltr'>impar</span> <span class='ocrx_word' id='word_1_87' title='bbox 280 1467 353 1526; x_wconf 90' lang='lat' dir='ltr'>hosti</span> <span class='ocrx_word' id='word_1_88' title='bbox 367 1479 515 1544; x_wconf 89' lang='lat' dir='ltr'>raptusque</span> <span class='ocrx_word' id='word_1_89' title='bbox 527 1487 577 1543; x_wconf 88' lang='lat' dir='ltr'>per</span> <span class='ocrx_word' id='word_1_90' title='bbox 591 1472 658 1528; x_wconf 77' lang='lat' dir='ltr'>adra</span> <span class='ocrx_word' id='word_1_91' title='bbox 668 1469 761 1527; x_wconf 81' lang='lat' dir='ltr'>curvis</span> 
     </span>
     <span class='ocr_line' id='line_1_15' title="bbox 90 1547 807 1625; baseline 0 -19"><span class='ocrx_word' id='word_1_92' title='bbox 90 1548 246 1625; x_wconf 82' lang='lat' dir='ltr'>Unguibus</span> <span class='ocrx_word' id='word_1_93' title='bbox 259 1568 276 1605; x_wconf 85' lang='grc' dir='ltr'>ιι</span> <span class='ocrx_word' id='word_1_94' title='bbox 291 1548 365 1604; x_wconf 78' lang='lat' dir='ltr'>saevti</span> <span class='ocrx_word' id='word_1_95' title='bbox 380 1547 466 1604; x_wconf 86' lang='lat' dir='ltr'>fertur</span> <span class='ocrx_word' id='word_1_96' title='bbox 480 1566 557 1623; x_wconf 85' lang='lat' dir='ltr'>grue.</span> <span class='ocrx_word' id='word_1_97' title='bbox 599 1547 630 1604; x_wconf 86' lang='lat' dir='ltr'>Si</span> <span class='ocrx_word' id='word_1_98' title='bbox 645 1548 739 1604; x_wconf 89' lang='lat' dir='ltr'>videas</span> <span class='ocrx_word' id='word_1_99' title='bbox 753 1549 807 1606; x_wconf 83' lang='lat' dir='ltr'>hoo</span> 
     </span>
     <span class='ocr_line' id='line_1_16' title="bbox 92 1625 786 1722; baseline -0.004 -37"><span class='ocrx_word' id='word_1_100' title='bbox 92 1628 235 1685; x_wconf 80' lang='lat' dir='ltr'>Gentibus</span> <span class='ocrx_word' id='word_1_101' title='bbox 249 1628 278 1684; x_wconf 93' lang='lat' dir='ltr'>in</span> <span class='ocrx_word' id='word_1_102' title='bbox 292 1627 404 1698; x_wconf 86' lang='lat' dir='ltr'>nostris,</span> <span class='ocrx_word' id='word_1_103' title='bbox 419 1627 477 1684; x_wconf 89' lang='lat' dir='ltr'>risu</span> <span class='ocrx_word' id='word_1_104' title='bbox 490 1627 631 1722; x_wconf 75' lang='lat' dir='ltr'>quatiere:</span> <span class='ocrx_word' id='word_1_105' title='bbox 653 1627 703 1684; x_wconf 87' lang='lat' dir='ltr'>sed</span> <span class='ocrx_word' id='word_1_106' title='bbox 717 1625 786 1698; x_wconf 89' lang='lat' dir='ltr'>illio,</span> 
     </span>
     <span class='ocr_line' id='line_1_17' title="bbox 94 1673 900 1781; baseline 0.002 -19"><span class='ocrx_word' id='word_1_107' title='bbox 94 1706 268 1781; x_wconf 80' lang='lat' dir='ltr'>Quanquam</span> <span class='ocrx_word' id='word_1_108' title='bbox 283 1707 395 1764; x_wconf 89' lang='lat' dir='ltr'>eadem</span> <span class='ocrx_word' id='word_1_109' title='bbox 398 1673 515 1764; x_wconf 76' lang='lat' dir='ltr'>itssidue</span> <span class='ocrx_word' id='word_1_110' title='bbox 528 1717 689 1780; x_wconf 78' lang='lat' dir='ltr'>spectentur</span> <span class='ocrx_word' id='word_1_111' title='bbox 703 1673 811 1780; x_wconf 85' lang='lat' dir='ltr'>proelia,</span> <span class='ocrx_word' id='word_1_112' title='bbox 825 1706 900 1764; x_wconf 87' lang='lat' dir='ltr'>ridet</span> 
     </span>
     <span class='ocr_line' id='line_1_18' title="bbox 94 1785 825 1860; baseline 0 -17"><span class='ocrx_word' id='word_1_113' title='bbox 94 1785 198 1857; x_wconf 88' lang='lat' dir='ltr'>Nemo,</span> <span class='ocrx_word' id='word_1_114' title='bbox 210 1786 257 1842; x_wconf 94' lang='lat' dir='ltr'>ubi</span> <span class='ocrx_word' id='word_1_115' title='bbox 270 1797 335 1844; x_wconf 86' lang='lat' dir='ltr'>tota</span> <span class='ocrx_word' id='word_1_116' title='bbox 341 1787 441 1845; x_wconf 79' lang='lat' dir='ltr'>cohors</span> <span class='ocrx_word' id='word_1_117' title='bbox 456 1786 526 1860; x_wconf 90' lang='lat' dir='ltr'>pede</span> <span class='ocrx_word' id='word_1_118' title='bbox 541 1805 597 1842; x_wconf 92' lang='lat' dir='ltr'>nou</span> <span class='ocrx_word' id='word_1_119' title='bbox 612 1796 656 1842; x_wconf 90' lang='lat' dir='ltr'>est</span> <span class='ocrx_word' id='word_1_120' title='bbox 667 1785 746 1842; x_wconf 86' lang='lat' dir='ltr'>altior</span> <span class='ocrx_word' id='word_1_121' title='bbox 761 1804 825 1843; x_wconf 91' lang='lat' dir='ltr'>uuo.</span> 
     </span>
     <span class='ocr_line' id='line_1_19' title="bbox 130 1863 812 2000; baseline -0.001 -77"><span class='ocrx_word' id='word_1_122' title='bbox 130 1865 259 1924; x_wconf 86' lang='lat' dir='ltr'>Nullane</span> <span class='ocrx_word' id='word_1_123' title='bbox 257 1865 409 2000; x_wconf 47' lang='lat' dir='ltr'>quperjuri</span> <span class='ocrx_word' id='word_1_124' title='bbox 392 1863 491 1940; x_wconf 77' lang='lat' dir='ltr'>eapitis</span> <span class='ocrx_word' id='word_1_125' title='bbox 506 1864 668 1940; x_wconf 81' lang='lat' dir='ltr'>fraudisque</span> <span class='ocrx_word' id='word_1_126' title='bbox 683 1865 812 1924; x_wconf 78' lang='lat' dir='ltr'>nefandae</span> 
     </span>
     <span class='ocr_line' id='line_1_20' title="bbox 95 1944 909 2020; baseline 0 -18"><span class='ocrx_word' id='word_1_127' title='bbox 95 1944 180 2002; x_wconf 87' lang='lat' dir='ltr'>Poena</span> <span class='ocrx_word' id='word_1_128' title='bbox 193 1945 269 2002; x_wconf 86' lang='lat' dir='ltr'>eritl</span> <span class='ocrx_word' id='word_1_129' title='bbox 291 1945 468 2020; x_wconf 87' lang='lat' dir='ltr'>Abreptum</span> <span class='ocrx_word' id='word_1_130' title='bbox 481 1945 565 2000; x_wconf 89' lang='lat' dir='ltr'>orede</span> <span class='ocrx_word' id='word_1_131' title='bbox 580 1946 657 2008; x_wconf 80' lang='lat' dir='ltr'>hune</span> <span class='ocrx_word' id='word_1_132' title='bbox 671 1945 796 2020; x_wconf 78' lang='lat' dir='ltr'>graviore</span> <span class='ocrx_word' id='word_1_133' title='bbox 811 1945 909 2002; x_wconf 79' lang='lat' dir='ltr'>eatena·</span> 
     </span>
     <span class='ocr_line' id='line_1_21' title="bbox 97 2022 838 2102; baseline 0.003 -22"><span class='ocrx_word' id='word_1_134' title='bbox 97 2023 241 2095; x_wconf 82' lang='lat' dir='ltr'>Pmtenus‚</span> <span class='ocrx_word' id='word_1_135' title='bbox 256 2033 285 2080; x_wconf 91' lang='lat' dir='ltr'>et</span> <span class='ocrx_word' id='word_1_136' title='bbox 298 2035 392 2086; x_wconf 87' lang='lat' dir='ltr'>nostro</span> <span class='ocrx_word' id='word_1_137' title='bbox 408 2022 489 2100; x_wconf 89' lang='lat' dir='ltr'>(quid</span> <span class='ocrx_word' id='word_1_138' title='bbox 502 2025 564 2099; x_wconf 90' lang='lat' dir='ltr'>plus</span> <span class='ocrx_word' id='word_1_139' title='bbox 574 2024 661 2082; x_wconf 85' lang='lat' dir='ltr'>velit</span> <span class='ocrx_word' id='word_1_140' title='bbox 654 2044 695 2082; x_wconf 86' lang='lat' dir='ltr'>tra</span> <span class='ocrx_word' id='word_1_141' title='bbox 701 2026 726 2102; x_wconf 89' lang='lat' dir='ltr'>l)</span> <span class='ocrx_word' id='word_1_142' title='bbox 742 2025 838 2082; x_wconf 78' lang='lat' dir='ltr'>necari</span> 
     </span>
     <span class='ocr_line' id='line_1_22' title="bbox 103 2103 866 2178; baseline 0 -18"><span class='ocrx_word' id='word_1_143' title='bbox 103 2103 219 2162; x_wconf 81' lang='lat' dir='ltr'>Arbitrio</span> <span class='ocrx_word' id='word_1_144' title='bbox 234 2123 239 2159; x_wconf 95' lang='lat'><strong>:</strong></span> <span class='ocrx_word' id='word_1_145' title='bbox 261 2114 357 2160; x_wconf 89' lang='lat' dir='ltr'>manet</span> <span class='ocrx_word' id='word_1_146' title='bbox 370 2103 417 2160; x_wconf 87' lang='lat' dir='ltr'>illa</span> <span class='ocrx_word' id='word_1_147' title='bbox 434 2116 530 2169; x_wconf 82' lang='lat' dir='ltr'>tamen</span> <span class='ocrx_word' id='word_1_148' title='bbox 542 2103 659 2178; x_wconf 68' lang='lat' dir='ltr'>jactura,</span> <span class='ocrx_word' id='word_1_149' title='bbox 673 2123 728 2166; x_wconf 83' lang='lat' dir='ltr'>neo</span> <span class='ocrx_word' id='word_1_150' title='bbox 743 2122 866 2178; x_wconf 84' lang='lat' dir='ltr'>uuquam</span> 
     </span>
     <span class='ocr_line' id='line_1_23' title="bbox 102 2181 858 2260; baseline -0.001 -19"><span class='ocrx_word' id='word_1_151' title='bbox 102 2181 263 2260; x_wconf 83' lang='lat' dir='ltr'>Depositum</span> <span class='ocrx_word' id='word_1_152' title='bbox 277 2182 328 2238; x_wconf 93' lang='lat' dir='ltr'>tibi</span> <span class='ocrx_word' id='word_1_153' title='bbox 343 2202 438 2258; x_wconf 89' lang='lat' dir='ltr'>sospes</span> <span class='ocrx_word' id='word_1_154' title='bbox 449 2181 511 2238; x_wconf 88' lang='lat' dir='ltr'>erit.</span> <span class='ocrx_word' id='word_1_155' title='bbox 553 2183 609 2238; x_wconf 87' lang='lat' dir='ltr'>Sed</span> <span class='ocrx_word' id='word_1_156' title='bbox 625 2201 741 2258; x_wconf 78' lang='lat' dir='ltr'>corpore</span> <span class='ocrx_word' id='word_1_157' title='bbox 756 2193 858 2240; x_wconf 78' lang='lat' dir='ltr'>trunco</span> 
     </span>
     <span class='ocr_line' id='line_1_24' title="bbox 98 2261 727 2336; baseline -0.003 -18"><span class='ocrx_word' id='word_1_158' title='bbox 98 2261 236 2322; x_wconf 72' lang='lat' dir='ltr'>Inuidiosa</span> <span class='ocrx_word' id='word_1_159' title='bbox 249 2262 328 2318; x_wconf 89' lang='lat' dir='ltr'>dabit</span> <span class='ocrx_word' id='word_1_160' title='bbox 340 2261 473 2318; x_wconf 87' lang='lat' dir='ltr'>minimus</span> <span class='ocrx_word' id='word_1_161' title='bbox 487 2261 585 2319; x_wconf 85' lang='lat' dir='ltr'>solatia</span> <span class='ocrx_word' id='word_1_162' title='bbox 596 2261 727 2336; x_wconf 83' lang='lat' dir='ltr'>sanguis:</span> 
     </span>
     <span class='ocr_line' id='line_1_25' title="bbox 97 2339 708 2415; baseline -0.005 -17"><span class='ocrx_word' id='word_1_163' title='bbox 97 2343 131 2399; x_wconf 85' lang='lat' dir='ltr'>At</span> <span class='ocrx_word' id='word_1_164' title='bbox 143 2342 272 2400; x_wconf 88' lang='lat' dir='ltr'>riudiota</span> <span class='ocrx_word' id='word_1_165' title='bbox 286 2341 390 2398; x_wconf 93' lang='lat' dir='ltr'>bonum</span> <span class='ocrx_word' id='word_1_166' title='bbox 406 2341 461 2398; x_wconf 74' lang='lat' dir='ltr'>vitri</span> <span class='ocrx_word' id='word_1_167' title='bbox 472 2340 625 2415; x_wconf 88' lang='lat' dir='ltr'>juoundius</span> <span class='ocrx_word' id='word_1_168' title='bbox 639 2339 708 2415; x_wconf 77' lang='lat' dir='ltr'>iperi.</span> 
     </span>
     <span class='ocr_line' id='line_1_26' title="bbox 97 2419 848 2498; baseline -0.004 -21"><span class='ocrx_word' id='word_1_169' title='bbox 97 2420 202 2498; x_wconf 84' lang='lat' dir='ltr'>Nempe</span> <span class='ocrx_word' id='word_1_170' title='bbox 218 2423 274 2479; x_wconf 86' lang='lat' dir='ltr'>hoo</span> <span class='ocrx_word' id='word_1_171' title='bbox 287 2420 403 2492; x_wconf 83' lang='lat' dir='ltr'>indocti,</span> <span class='ocrx_word' id='word_1_172' title='bbox 415 2437 532 2496; x_wconf 86' lang='lat' dir='ltr'>quorum</span> <span class='ocrx_word' id='word_1_173' title='bbox 545 2420 701 2494; x_wconf 80' lang='lat' dir='ltr'>praecordia</span> <span class='ocrx_word' id='word_1_174' title='bbox 714 2419 799 2476; x_wconf 90' lang='lat' dir='ltr'>nullis</span> <span class='ocrx_word' id='word_1_175' title='bbox 843 2456 848 2464; x_wconf 85' lang='lat'><strong>·</strong></span> 
     </span>
     <span class='ocr_line' id='line_1_27' title="bbox 101 2499 809 2574; baseline 0 -20"><span class='ocrx_word' id='word_1_176' title='bbox 101 2499 242 2558; x_wconf 80' lang='lat' dir='ltr'>Interdum</span> <span class='ocrx_word' id='word_1_177' title='bbox 256 2510 305 2557; x_wconf 89' lang='lat' dir='ltr'>aut</span> <span class='ocrx_word' id='word_1_178' title='bbox 318 2499 534 2559; x_wconf 80' lang='lat' dir='ltr'>levibusvideas</span> <span class='ocrx_word' id='word_1_179' title='bbox 548 2499 694 2574; x_wconf 80' lang='lat' dir='ltr'>flagrantia</span> <span class='ocrx_word' id='word_1_180' title='bbox 708 2499 809 2554; x_wconf 84' lang='lat' dir='ltr'>nausis.</span> 
     </span>
     <span class='ocr_line' id='line_1_28' title="bbox 105 2576 817 2654; baseline -0.009 -16"><span class='ocrx_word' id='word_1_181' title='bbox 105 2577 354 2654; x_wconf 77' lang='lat' dir='ltr'>Quantulaounque</span> <span class='ocrx_word' id='word_1_182' title='bbox 368 2576 439 2636; x_wconf 79' lang='lat' dir='ltr'>oded</span> <span class='ocrx_word' id='word_1_183' title='bbox 452 2590 496 2634; x_wconf 89' lang='lat' dir='ltr'>est</span> <span class='ocrx_word' id='word_1_184' title='bbox 509 2578 630 2647; x_wconf 82' lang='lat' dir='ltr'>ooeesio,</span> <span class='ocrx_word' id='word_1_185' title='bbox 645 2577 767 2634; x_wconf 84' lang='lat' dir='ltr'>sufficit</span> <span class='ocrx_word' id='word_1_186' title='bbox 761 2595 817 2634; x_wconf 82' lang='lat' dir='ltr'>irre</span> 
     </span>
     <span class='ocr_line' id='line_1_29' title="bbox 106 2655 818 2736; baseline 0 -24"><span class='ocrx_word' id='word_1_187' title='bbox 106 2656 267 2736; x_wconf 76' lang='lat' dir='ltr'>Chrysippus</span> <span class='ocrx_word' id='word_1_188' title='bbox 279 2677 337 2715; x_wconf 90' lang='lat' dir='ltr'>uon</span> <span class='ocrx_word' id='word_1_189' title='bbox 351 2659 429 2716; x_wconf 83' lang='lat' dir='ltr'>dicet</span> <span class='ocrx_word' id='word_1_190' title='bbox 440 2657 524 2728; x_wconf 87' lang='lat' dir='ltr'>idem,</span> <span class='ocrx_word' id='word_1_191' title='bbox 540 2676 594 2716; x_wconf 88' lang='lat' dir='ltr'>nee</span> <span class='ocrx_word' id='word_1_192' title='bbox 608 2657 675 2714; x_wconf 86' lang='lat' dir='ltr'>mite</span> <span class='ocrx_word' id='word_1_193' title='bbox 689 2655 818 2714; x_wconf 85' lang='lat' dir='ltr'>Thaletis</span> 
     </span>
     <span class='ocr_line' id='line_1_30' title="bbox 105 2735 784 2826; baseline 0.003 -34"><span class='ocrx_word' id='word_1_194' title='bbox 105 2735 255 2813; x_wconf 82' lang='lat' dir='ltr'>Ingenium,</span> <span class='ocrx_word' id='word_1_195' title='bbox 270 2736 401 2812; x_wconf 78' lang='lat' dir='ltr'>dulcique</span> <span class='ocrx_word' id='word_1_196' title='bbox 416 2755 502 2794; x_wconf 84' lang='lat' dir='ltr'>senex</span> <span class='ocrx_word' id='word_1_197' title='bbox 517 2737 626 2796; x_wconf 78' lang='lat' dir='ltr'>vicinus</span> <span class='ocrx_word' id='word_1_198' title='bbox 640 2737 784 2826; x_wconf 84' lang='lat' dir='ltr'>Hymetto,</span> 
     </span>
     <span class='ocr_line' id='line_1_31' title="bbox 101 2813 808 2894; baseline -0.004 -19"><span class='ocrx_word' id='word_1_199' title='bbox 101 2813 153 2876; x_wconf 79' lang='lat' dir='ltr'>Qut</span> <span class='ocrx_word' id='word_1_200' title='bbox 165 2828 276 2894; x_wconf 87' lang='lat' dir='ltr'>partem</span> <span class='ocrx_word' id='word_1_201' title='bbox 290 2829 414 2892; x_wconf 79' lang='lat' dir='ltr'>aooeptae</span> <span class='ocrx_word' id='word_1_202' title='bbox 428 2835 501 2872; x_wconf 82' lang='lat' dir='ltr'>saeva</span> <span class='ocrx_word' id='word_1_203' title='bbox 515 2817 587 2874; x_wconf 88' lang='lat' dir='ltr'>inter</span> <span class='ocrx_word' id='word_1_204' title='bbox 601 2816 693 2875; x_wconf 86' lang='lat' dir='ltr'>vinela</span> <span class='ocrx_word' id='word_1_205' title='bbox 706 2816 808 2874; x_wconf 78' lang='lat' dir='ltr'>sioutae</span> 
     </span>
     <span class='ocr_line' id='line_1_32' title="bbox 95 2837 774 2971; baseline -0.006 -19"><span class='ocrx_word' id='word_1_206' title='bbox 95 2837 261 2954; x_wconf 76' lang='lat' dir='ltr'>Aeetisatori</span> <span class='ocrx_word' id='word_1_207' title='bbox 275 2895 451 2971; x_wconf 83' lang='lat' dir='ltr'>nqlletdure.</span> <span class='ocrx_word' id='word_1_208' title='bbox 491 2897 615 2954; x_wconf 82' lang='lat' dir='ltr'>Plurima</span> <span class='ocrx_word' id='word_1_209' title='bbox 630 2897 694 2954; x_wconf 82' lang='lat' dir='ltr'>felix</span> <span class='ocrx_word' id='word_1_210' title='bbox 772 2943 774 2948; x_wconf 81' lang='grc'>,</span> 
     </span>
     <span class='ocr_line' id='line_1_33' title="bbox 92 2972 739 3050; baseline -0.002 -19"><span class='ocrx_word' id='word_1_211' title='bbox 92 2972 232 3034; x_wconf 85' lang='lat' dir='ltr'>Paulatim</span> <span class='ocrx_word' id='word_1_212' title='bbox 247 2975 314 3033; x_wconf 83' lang='lat' dir='ltr'>vitiu</span> <span class='ocrx_word' id='word_1_213' title='bbox 327 2986 409 3050; x_wconf 89' lang='lat' dir='ltr'>atque</span> <span class='ocrx_word' id='word_1_214' title='bbox 422 2993 528 3032; x_wconf 89' lang='lat' dir='ltr'>errores</span> <span class='ocrx_word' id='word_1_215' title='bbox 541 2977 618 3032; x_wconf 78' lang='lat' dir='ltr'>exuit</span> <span class='ocrx_word' id='word_1_216' title='bbox 630 2993 739 3044; x_wconf 89' lang='lat' dir='ltr'>omues,</span> 
     </span>
     <span class='ocr_line' id='line_1_34' title="bbox 91 3053 822 3142; baseline -0.001 -31"><span class='ocrx_word' id='word_1_217' title='bbox 91 3053 187 3115; x_wconf 76' lang='lat' dir='ltr'>Prima</span> <span class='ocrx_word' id='word_1_218' title='bbox 200 3057 285 3112; x_wconf 89' lang='lat' dir='ltr'>dooet</span> <span class='ocrx_word' id='word_1_219' title='bbox 298 3067 408 3112; x_wconf 81' lang='lat' dir='ltr'>rentum</span> <span class='ocrx_word' id='word_1_220' title='bbox 421 3055 583 3142; x_wconf 76' lang='lat' dir='ltr'>Sapientia:</span> <span class='ocrx_word' id='word_1_221' title='bbox 605 3054 707 3128; x_wconf 92' lang='lat' dir='ltr'>quippe</span> <span class='ocrx_word' id='word_1_222' title='bbox 721 3054 822 3110; x_wconf 91' lang='lat' dir='ltr'>minuti</span> 
     </span>
     <span class='ocr_line' id='line_1_35' title="bbox 91 3127 1070 3210; baseline -0.007 -18"><span class='ocrx_word' id='word_1_223' title='bbox 91 3135 211 3210; x_wconf 87' lang='lat' dir='ltr'>Semper</span> <span class='ocrx_word' id='word_1_224' title='bbox 224 3145 253 3192; x_wconf 87' lang='lat' dir='ltr'>et</span> <span class='ocrx_word' id='word_1_225' title='bbox 266 3133 370 3191; x_wconf 89' lang='lat' dir='ltr'>infirmi</span> <span class='ocrx_word' id='word_1_226' title='bbox 383 3143 426 3190; x_wconf 88' lang='lat' dir='ltr'>est</span> <span class='ocrx_word' id='word_1_227' title='bbox 436 3131 521 3188; x_wconf 89' lang='lat' dir='ltr'>animi</span> <span class='ocrx_word' id='word_1_228' title='bbox 535 3132 684 3205; x_wconf 84' lang='lat' dir='ltr'>exiguique</span> <span class='ocrx_word' id='word_1_229' title='bbox 699 3130 824 3204; x_wconf 84' lang='lat' dir='ltr'>voluptas</span> <span class='ocrx_word' id='word_1_230' title='bbox 1014 3127 1070 3192; x_wconf 84' lang='lat'>19&#39;0</span> 
     </span>
     <span class='ocr_line' id='line_1_36' title="bbox 89 3206 776 3284; baseline -0.012 -12"><span class='ocrx_word' id='word_1_231' title='bbox 89 3213 177 3272; x_wconf 92' lang='lat' dir='ltr'>Ultio.</span> <span class='ocrx_word' id='word_1_232' title='bbox 219 3207 399 3271; x_wconf 77' lang='lat' dir='ltr'>Continuo</span> <span class='ocrx_word' id='word_1_233' title='bbox 378 3230 419 3269; x_wconf 85' lang='lat' dir='ltr'>sio</span> <span class='ocrx_word' id='word_1_234' title='bbox 433 3209 547 3284; x_wconf 84' lang='lat' dir='ltr'>oollige</span> <span class='ocrx_word' id='word_1_235' title='bbox 559 3206 635 3283; x_wconf 82' lang='lat' dir='ltr'>qudd</span> <span class='ocrx_word' id='word_1_236' title='bbox 651 3209 776 3267; x_wconf 71' lang='lat' dir='ltr'>vindicte</span> 
     </span>
     <span class='ocr_line' id='line_1_37' title="bbox 88 3285 971 3368; baseline -0.002 -20"><span class='ocrx_word' id='word_1_237' title='bbox 88 3291 187 3350; x_wconf 88' lang='lat' dir='ltr'>Neruo</span> <span class='ocrx_word' id='word_1_238' title='bbox 200 3289 292 3368; x_wconf 83' lang='lat' dir='ltr'>magis</span> <span class='ocrx_word' id='word_1_239' title='bbox 304 3291 419 3368; x_wconf 82' lang='lat' dir='ltr'>gaudet,</span> <span class='ocrx_word' id='word_1_240' title='bbox 432 3285 518 3364; x_wconf 87' lang='lat' dir='ltr'>quem</span> <span class='ocrx_word' id='word_1_241' title='bbox 533 3289 654 3344; x_wconf 87' lang='lat' dir='ltr'>ioemina.</span> <span class='ocrx_word' id='word_1_242' title='bbox 696 3287 754 3344; x_wconf 90' lang='lat' dir='ltr'>Cur</span> <span class='ocrx_word' id='word_1_243' title='bbox 769 3298 862 3344; x_wconf 87' lang='lat' dir='ltr'>tamen</span> <span class='ocrx_word' id='word_1_244' title='bbox 877 3289 928 3348; x_wconf 89' lang='lat' dir='ltr'>hos</span> <span class='ocrx_word' id='word_1_245' title='bbox 941 3300 971 3347; x_wconf 92' lang='lat' dir='ltr'>tu</span> 
     </span>
     <span class='ocr_line' id='line_1_38' title="bbox 88 3367 686 3459; baseline -0.008 -31"><span class='ocrx_word' id='word_1_246' title='bbox 88 3370 224 3430; x_wconf 84' lang='lat' dir='ltr'>Erasisse</span> <span class='ocrx_word' id='word_1_247' title='bbox 236 3381 328 3446; x_wconf 89' lang='lat' dir='ltr'>putes,</span> <span class='ocrx_word' id='word_1_248' title='bbox 341 3389 411 3459; x_wconf 83' lang='lat' dir='ltr'>quos</span> <span class='ocrx_word' id='word_1_249' title='bbox 424 3369 477 3425; x_wconf 88' lang='lat' dir='ltr'>diri</span> <span class='ocrx_word' id='word_1_250' title='bbox 491 3369 605 3426; x_wconf 80' lang='lat' dir='ltr'>conseia</span> <span class='ocrx_word' id='word_1_251' title='bbox 619 3367 686 3424; x_wconf 75' lang='lat' dir='ltr'>iaoti</span> 
     </span>
     <span class='ocr_line' id='line_1_39' title="bbox 89 3447 805 3520; baseline -0.003 -14"><span class='ocrx_word' id='word_1_252' title='bbox 89 3447 178 3510; x_wconf 72' lang='lat' dir='ltr'>Meas</span> <span class='ocrx_word' id='word_1_253' title='bbox 193 3450 278 3508; x_wconf 88' lang='lat' dir='ltr'>babet</span> <span class='ocrx_word' id='word_1_254' title='bbox 291 3449 431 3520; x_wconf 85' lang='lat' dir='ltr'>attonitos,</span> <span class='ocrx_word' id='word_1_255' title='bbox 445 3459 473 3506; x_wconf 92' lang='lat' dir='ltr'>et</span> <span class='ocrx_word' id='word_1_256' title='bbox 487 3449 571 3505; x_wconf 91' lang='lat' dir='ltr'>surdo</span> <span class='ocrx_word' id='word_1_257' title='bbox 584 3448 698 3506; x_wconf 90' lang='lat' dir='ltr'>verbere</span> <span class='ocrx_word' id='word_1_258' title='bbox 712 3447 805 3519; x_wconf 80' lang='lat' dir='ltr'>sedit,</span> 
     </span>
     <span class='ocr_line' id='line_1_40' title="bbox 88 3526 1069 3604; baseline -0.001 -17"><span class='ocrx_word' id='word_1_259' title='bbox 88 3529 249 3588; x_wconf 87' lang='lat' dir='ltr'>Oeoultum</span> <span class='ocrx_word' id='word_1_260' title='bbox 262 3527 407 3604; x_wconf 86' lang='lat' dir='ltr'>quatiente</span> <span class='ocrx_word' id='word_1_261' title='bbox 419 3527 513 3584; x_wconf 82' lang='lat' dir='ltr'>auimo</span> <span class='ocrx_word' id='word_1_262' title='bbox 526 3539 628 3584; x_wconf 87' lang='lat' dir='ltr'>tortore</span> <span class='ocrx_word' id='word_1_263' title='bbox 642 3526 802 3602; x_wconf 80' lang='lat' dir='ltr'>flagelluml</span> <span class='ocrx_word' id='word_1_264' title='bbox 1013 3526 1069 3586; x_wconf 87' lang='grc'>195</span> 
     </span>
     <span class='ocr_line' id='line_1_41' title="bbox 89 3606 795 3680; baseline -0.003 -14"><span class='ocrx_word' id='word_1_265' title='bbox 89 3608 182 3666; x_wconf 88' lang='lat' dir='ltr'>Poena</span> <span class='ocrx_word' id='word_1_266' title='bbox 197 3620 291 3666; x_wconf 88' lang='lat' dir='ltr'>autem</span> <span class='ocrx_word' id='word_1_267' title='bbox 304 3607 456 3667; x_wconf 79' lang='lat' dir='ltr'>vehemens</span> <span class='ocrx_word' id='word_1_268' title='bbox 470 3627 504 3664; x_wconf 87' lang='lat' dir='ltr'>ae</span> <span class='ocrx_word' id='word_1_269' title='bbox 517 3607 605 3664; x_wconf 79' lang='lat' dir='ltr'>inulto</span> <span class='ocrx_word' id='word_1_270' title='bbox 618 3607 715 3664; x_wconf 80' lang='lat' dir='ltr'>sevior</span> <span class='ocrx_word' id='word_1_271' title='bbox 731 3606 795 3680; x_wconf 88' lang='lat' dir='ltr'>illis,</span> 
     </span>
     <span class='ocr_line' id='line_1_42' title="bbox 88 3686 902 3761; baseline -0.007 -13"><span class='ocrx_word' id='word_1_272' title='bbox 88 3687 177 3749; x_wconf 79' lang='lat' dir='ltr'>Quas</span> <span class='ocrx_word' id='word_1_273' title='bbox 190 3698 220 3744; x_wconf 92' lang='lat' dir='ltr'>et</span> <span class='ocrx_word' id='word_1_274' title='bbox 233 3687 378 3744; x_wconf 83' lang='lat' dir='ltr'>Oaedieius</span> <span class='ocrx_word' id='word_1_275' title='bbox 389 3687 481 3761; x_wconf 80' lang='lat' dir='ltr'>gravis</span> <span class='ocrx_word' id='word_1_276' title='bbox 494 3686 609 3756; x_wconf 88' lang='lat' dir='ltr'>invenit,</span> <span class='ocrx_word' id='word_1_277' title='bbox 589 3697 652 3744; x_wconf 88' lang='lat' dir='ltr'>tet</span> <span class='ocrx_word' id='word_1_278' title='bbox 665 3686 902 3746; x_wconf 84' lang='lat' dir='ltr'>Rhadamanthus</span> 
     </span>
     <span class='ocr_line' id='line_1_43' title="bbox 90 3765 813 3843; baseline -0.003 -19"><span class='ocrx_word' id='word_1_279' title='bbox 90 3765 188 3826; x_wconf 76' lang='lat' dir='ltr'>Nocte</span> <span class='ocrx_word' id='word_1_280' title='bbox 202 3767 304 3843; x_wconf 88' lang='lat' dir='ltr'>dieque</span> <span class='ocrx_word' id='word_1_281' title='bbox 317 3782 401 3823; x_wconf 88' lang='lat' dir='ltr'>suurn</span> <span class='ocrx_word' id='word_1_282' title='bbox 414 3777 525 3842; x_wconf 83' lang='lat' dir='ltr'>gestare</span> <span class='ocrx_word' id='word_1_283' title='bbox 538 3766 567 3822; x_wconf 89' lang='lat' dir='ltr'>in</span> <span class='ocrx_word' id='word_1_284' title='bbox 578 3777 691 3842; x_wconf 81' lang='lat' dir='ltr'>pectore</span> <span class='ocrx_word' id='word_1_285' title='bbox 705 3777 813 3823; x_wconf 87' lang='lat' dir='ltr'>testem.</span> 
     </span>
     <span class='ocr_line' id='line_1_44' title="bbox 91 3845 743 3937; baseline -0.003 -33"><span class='ocrx_word' id='word_1_286' title='bbox 91 3845 234 3937; x_wconf 77' lang='lat' dir='ltr'>Spartauo</span> <span class='ocrx_word' id='word_1_287' title='bbox 246 3847 363 3904; x_wconf 80' lang='lat' dir='ltr'>cuidam</span> <span class='ocrx_word' id='word_1_288' title='bbox 371 3845 518 3920; x_wconf 86' lang='lat' dir='ltr'>respoudit</span> <span class='ocrx_word' id='word_1_289' title='bbox 531 3845 632 3920; x_wconf 88' lang='lat' dir='ltr'>Pythia</span> <span class='ocrx_word' id='word_1_290' title='bbox 647 3856 743 3902; x_wconf 87' lang='lat' dir='ltr'>vates:</span> 
     </span>
    </p>
   </div>
   <div class='ocr_carea' id='block_1_3' title="bbox 91 3921 1068 4063">
    <p class='ocr_par' dir='ltr' id='par_1_3' title="bbox 91 3921 1068 4063">
     <span class='ocr_line' id='line_1_45' title="bbox 91 3921 1068 4063; baseline 0 -79"><span class='ocrx_word' id='word_1_291' title='bbox 91 3925 203 3984; x_wconf 90' lang='lat' dir='ltr'>Haud&#39;</span> <span class='ocrx_word' id='word_1_292' title='bbox 195 3925 364 4063; x_wconf 73' lang='lat' dir='ltr'>impunitupt</span> <span class='ocrx_word' id='word_1_293' title='bbox 377 3925 519 4002; x_wconf 89' lang='lat' dir='ltr'>quondam</span> <span class='ocrx_word' id='word_1_294' title='bbox 533 3925 600 3996; x_wconf 87' lang='lat' dir='ltr'>fore,</span> <span class='ocrx_word' id='word_1_295' title='bbox 614 3921 690 4000; x_wconf 80' lang='lat' dir='ltr'>qudd</span> <span class='ocrx_word' id='word_1_296' title='bbox 704 3924 845 3982; x_wconf 87' lang='lat' dir='ltr'>dubitaret</span> <span class='ocrx_word' id='word_1_297' title='bbox 1010 3925 1068 3984; x_wconf 72' lang='lat'>200</span> 
     </span>
    </p>
   </div>
   <div class='ocr_carea' id='block_1_4' title="bbox 0 0 1324 4430">
    <p class='ocr_par' dir='ltr' id='par_1_4' title="bbox 0 0 1324 4430">
     <span class='ocr_line' id='line_1_46' title="bbox 0 0 1324 4430; baseline 0 0"><span class='ocrx_word' id='word_1_298' title='bbox 0 0 1324 4430; x_wconf 95' lang='lat' dir='ltr'> </span> 
     </span>
    </p>
   </div>
  </div>
 </body>
</html>
