2646 4416
208 387 250 448 ω
520 383 877 436 D.JUNHJUVENA1.18

209 527 260 586 Sic
272 547 383 606 possem
397 529 494 588 affari:
515 529 580 603 Dic,
594 549 612 588 o
625 530 784 602 vanissime,
798 529 902 604 quista

208 607 355 668 Festinare
366 609 467 686 jubetl
487 609 633 667 meliorem
647 621 748 684 presto
762 609 895 684 magistro

208 686 396 764 Discipulum.
438 690 563 746 Securus
577 689 641 745 abi:
662 687 794 758 vinceris,
808 698 840 744 ut
854 687 928 763 Ajax

208 766 347 826 Preteriit
360 767 558 840 Telamonem,
572 779 604 824 ut
619 767 703 824 Pelea
715 767 783 824 vicit
797 766 933 824 Achilles.

208 844 386 904 Parcendum
401 848 522 905 teneris:
543 849 668 905 nondum
683 844 836 922 implevere
849 845 986 902 medullas

209 923 328 983 Mature
343 927 417 984 mala
431 927 572 1001 nequitie.
612 925 713 986 Quum
726 936 841 1000 pectere
853 925 967 982 barbam

207 1003 333 1080 Coeperit
346 1017 375 1064 et
389 1006 467 1081 longi
482 1021 646 1064 mucronem
660 1005 807 1062 admittere
820 1003 913 1075 cultri,

207 1082 308 1142 Falsus
321 1086 375 1144 erit
387 1086 476 1156 testis,
491 1086 591 1142 vendet
604 1085 726 1160 perjuria
739 1085 850 1140 summa

207 1159 320 1238 Exigua
333 1175 362 1222 et
375 1165 488 1222 Cereris
501 1175 621 1239 tangens
635 1181 767 1239 aramque
781 1164 945 1239 pedemque.

207 1240 318 1300 Elatam
329 1243 387 1320 jam
402 1245 486 1301 crede
500 1261 613 1316 nurum,
627 1243 649 1300 si
664 1244 762 1300 limina
775 1253 865 1300 vestra

207 1319 354 1380 Mortifera
369 1341 434 1380 cum
449 1324 513 1380 dote
527 1323 610 1379 subit.
650 1323 768 1384 Quibus
782 1323 829 1379 illa
841 1333 983 1398 premetur

207 1399 262 1458 Per
275 1421 406 1460 somnum
420 1403 532 1477 digitis!
554 1421 619 1458 nam
633 1419 696 1476 quae
710 1403 841 1476 terrdque
855 1401 980 1476 marique

206 1481 390 1555 Acquirenda
403 1496 493 1558 putas,
509 1482 616 1538 brevior
629 1482 674 1538 via
687 1482 813 1538 conferet
827 1480 874 1538 illi.

206 1557 312 1618 Nullus
325 1562 400 1618 enim
415 1563 510 1638 magni
524 1561 637 1618 sceleris
648 1560 733 1617 labor.
776 1561 849 1616 Haec
861 1577 914 1635 ego
926 1574 1072 1634 nunquam

207 1636 352 1712 Mundam,
367 1642 445 1698 dices
458 1642 535 1711 olim,
547 1659 602 1697 nec
615 1639 682 1697 talia
695 1639 779 1696 suasi.

206 1714 314 1776 Mentis
327 1739 413 1777 causa
426 1722 508 1778 malae
522 1732 616 1776 tamen
630 1730 673 1776 est
683 1732 711 1776 et
724 1719 803 1794 origo
816 1734 904 1792 penes
916 1727 953 1775 te.
968 1726 973 1739 '

206 1792 235 1849 N
238 1818 282 1854 am
297 1799 422 1874 quisquis
437 1799 532 1873 magni
546 1799 650 1855 censtis
663 1797 796 1873 precepit
810 1815 943 1869 amorem,
1039 1798 1049 1823 ’

207 1871 249 1934 Et
263 1879 332 1933 laevo
346 1877 454 1933 monitu
469 1895 571 1951 pueros
584 1877 714 1951 producit
728 1895 835 1945 avaros,

206 1958 244 2016 Et
256 1955 304 2030 qui
318 1973 367 2030 per
382 1955 494 2013 fraudes
507 1955 674 2029 patrimonia
687 1954 887 2028 conduplicare

206 2035 263 2094 Dat
277 2033 443 2106 libertatem,
458 2043 486 2090 et
501 2045 572 2090 totas
586 2033 705 2090 effundit
721 2035 846 2090 habenas

205 2112 372 2172 Curriculo:
393 2133 475 2188 quern
491 2113 514 2170 si
529 2129 653 2183 revoces,
667 2113 818 2171 subsistere
832 2113 932 2186 nescit,

205 2195 244 2253 Et
257 2205 284 2251 te
298 2203 459 2268 contempto
472 2193 577 2270 rapitur
591 2193 728 2268 metisque
742 2193 854 2250 relictis.

205 2273 300 2332 Nemo
314 2271 382 2330 satis
396 2275 486 2332 credit
496 2272 607 2330 tanturn
622 2273 794 2348 delinquere,
809 2269 944 2347 quantum

205 2353 373 2412 Permittas:
395 2351 466 2410 adeb
480 2352 629 2427 indulgent
641 2351 695 2408 sibi
709 2349 792 2408 latitis
806 2352 866 2427 ipsi.

204 2433 304 2494 Quum
319 2433 391 2489 dicis
402 2432 513 2507 juvem,-
523 2431 649 2500 stultum,
663 2431 710 2506 qui
725 2432 811 2488 donet
824 2431 926 2502 amico,
997 2441 1001 2450 “

204 2513 266 2573 Qui
281 2525 471 2588 paupertatem
487 2513 560 2568 levet
574 2510 735 2584 attollatque
749 2510 913 2586 propinqui;

205 2591 243 2648 Et
257 2591 375 2665 spoliare
390 2592 486 2663 doces,
500 2601 529 2647 et
542 2590 785 2661 circumscribere,
796 2600 824 2646 et
837 2589 914 2646 omni

204 2670 332 2726 Crimine
346 2669 456 2730 divitias
470 2671 623 2743 acquirere,
638 2686 753 2743 quarum
769 2687 845 2726 amor
859 2669 888 2725 in
903 2679 940 2740 te,

203 2748 340 2808 Quantus
353 2757 413 2802 etat
426 2748 521 2821 patriae
536 2747 689 2804 Deciorum
704 2748 732 2804 in
747 2757 870 2822 pectore,
884 2745 1021 2821 quantum

204 2825 313 2883 Dilexit
326 2824 452 2893 Thebas,
467 2826 490 2881 si
504 2825 615 2881 Graecia
630 2843 704 2896 vera,
720 2823 903 2882 Menoeceus:

206 2903 241 2960 In
256 2921 373 2978 quorum
388 2903 473 2960 sulcis
486 2903 611 2978 legiones
625 2905 757 2960 dentibus
771 2904 871 2978 anguis

204 2982 280 3040 Cum
294 2982 400 3077 clypeis
413 2993 577 3053 nuscuntur,
592 2994 621 3038 et
636 2982 749 3039 horrida
763 2983 836 3039 bella
849 2995 1000 3059 capessunt

205 3062 361 3132 Continuo,
372 3071 504 3136 tanquam
519 3074 547 3118 et
561 3062 676 3118 tubicen
692 3063 844 3120 surrexerit
858 3061 923 3120 und.

204 3139 283 3218 Ergd
295 3141 400 3216 ignem,
415 3142 497 3216 cujus
510 3141 645 3198 scintillas
660 3141 719 3216 ipse
733 3142 845 3213 dedisti,

204 3219 386 3298 Flagrantem
400 3218 456 3278 late
470 3229 498 3277 et
511 3221 666 3295 rapientem
681 3231 786 3276 cuncta
799 3219 913 3280 videbis.

204 3298 269 3356 Nec
284 3300 334 3356 tibi
348 3313 477 3375 parcetur
493 3301 602 3369 misero,
617 3300 811 3374 trepidumque
826 3299 989 3374 magistrum

204 3377 240 3436 In
254 3379 342 3436 caveri
357 3398 462 3454 magno
475 3379 586 3436 fremitu
600 3379 735 3436 leotollet
748 3378 897 3434 alumnus·

243 3457 321 3516 Nota
335 3457 539 3515 mathematicis
553 3459 665 3532 genesis
676 3469 740 3514 tua:
762 3457 811 3513 sed
826 3475 909 3532 grave
922 3459 1017 3516 tardas
1070 3473 1079 3492 ⁵
1097 3468 1107 3497 'r
1130 3474 1134 3485 ¹

204 3536 377 3613 Exspectare
392 3537 477 3593 colus.
491 3530 495 3540 ¹
518 3535 651 3594 Morieris
665 3537 784 3593 stamine
795 3536 921 3592 nondum

204 3617 343 3692 Abrupto.
384 3615 449 3672 lam
464 3633 541 3672 nunc
554 3616 648 3673 obstas
661 3629 690 3673 et
704 3626 766 3672 vota
780 3615 913 3672 moraris:

204 3695 269 3752 Jam
284 3707 392 3769 torquet
404 3695 533 3771 juvenem
547 3695 631 3771 longa
644 3707 672 3751 et
683 3695 796 3751 cervina
810 3706 950 3752 senectus.

203 3771 295 3832 Ociris
309 3774 491 3849 Archigenen
506 3793 609 3849 quare,
624 3785 705 3849 atque
719 3790 791 3846 eme,
805 3776 878 3850 quod
891 3773 1068 3834 Mithridates

204 3852 379 3929 Composuit,
393 3853 416 3909 si
432 3854 471 3909 vis
485 3855 567 3910 aliam
584 3855 735 3928 decerpere
749 3853 844 3926 licum,

205 3932 298 4008 Atque
313 3932 382 3990 alias
396 3943 515 3990 tractare
529 3953 613 3991 rosas.
656 3932 836 3991 Medicamcn
852 3934 1012 3992 habendum
1025 3946 1078 4008 est,
