2628 4430
498 367 622 416 SATIRA
641 367 715 416 xlv.

100 507 253 582 Perfidus,
268 521 297 568 et
312 511 385 586 nigri
400 510 520 586 patietur
533 511 655 568 carceris
669 528 786 582 uncum,

100 589 163 646 Aut
180 590 274 646 maris
288 589 380 665 AEgaei
395 609 503 665 rupem,
517 589 702 664 scopulosque
718 589 878 664 frequentes

99 667 268 725 Exsulibus
282 669 400 744 magnis.
442 668 531 726 Prenti
541 669 678 743 gaudebis
692 671 787 726 amarti

99 745 352 820 Nomrnrsnarisr,
365 749 535 822 tandemque
549 747 671 806 fatebere
684 747 774 820 latus,

14 867 15 906 3
99 825 170 886 Nec
185 833 310 885 surdum
325 846 379 890 neo
393 827 534 886 Tiresiam
548 845 708 902 quenquam
721 847 783 888 esse
797 829 922 888 deorum.

474 1145 634 1206 SATIRA
648 1147 730 1206 XIV.

141 1303 293 1364 Pannrnn
306 1317 387 1374 aunt..
396 1303 532 1376 Fuscine,
546 1319 574 1364 et
589 1306 663 1364 samri
676 1307 765 1382 digna
775 1307 901 1380 sinistri,

104 1382 143 1442 Et
157 1383 263 1442 nitidis
277 1384 418 1448 maculam
432 1385 570 1442 haesuram
584 1385 699 1461 figentia
713 1387 805 1458 rebus,

104 1463 188 1524 Quae
202 1474 360 1520 monstrant
374 1463 424 1538 ipsi
436 1464 529 1538 pueris
543 1466 709 1540 traduntque
723 1478 862 1541 parentes.

107 1542 143 1598 Si
158 1543 298 1600 damnosa
313 1561 410 1600 senem
421 1542 500 1618 juvat
513 1543 583 1614 alea,
597 1544 669 1602 indit
686 1557 715 1602 et
729 1546 818 1602 haeres

110 1621 251 1691 Baiiatus,
266 1640 405 1696 parvoque
418 1622 518 1681 eadem
533 1634 624 1680 movet
636 1643 714 1682 mma
728 1623 829 1682 fritillo.

114 1699 183 1758 Nec
195 1700 292 1756 meiius
306 1701 342 1756 de
356 1719 386 1756 se
399 1701 530 1774 cuiquam
544 1721 655 1776 sperare
668 1703 823 1778 propinquo

111 1779 261 1838 concedet
272 1779 394 1854 invenie,
407 1780 455 1852 qui
468 1780 566 1838 radere
580 1781 678 1838 tubera
691 1793 781 1855 terrae,

109 1858 244 1916 Boletum
258 1858 386 1930 condire,
399 1871 429 1916 et
440 1859 542 1916 eodem
553 1859 617 1934 jure
630 1872 759 1920 natantes

111 1937 245 2014 Mergere
260 1937 395 1994 ficedulas
405 1937 513 2010 didicit,
528 1940 669 1998 nebulone
683 1952 809 2016 parente,

112 2017 147 2076 Er
159 2017 239 2074 canti
249 2027 421 2075 monstrante
435 2018 510 2092 gula.
551 2018 650 2080 Quum
665 2021 800 2095 septimus
813 2039 905 2078 annus

115 2095 274 2156 Transierit
288 2114 384 2170 puero,
399 2097 524 2157 nondum
538 2097 617 2156 omni
630 2099 716 2156 dente
729 2111 836 2170 renato,

116 2174 252 2234 Barbatus
265 2172 333 2232 licet
347 2176 495 2232 admoveas
509 2176 584 2234 mille
599 2177 665 2234 inde
680 2177 836 2252 magistros,

113 2254 190 2314 Hinc
205 2254 334 2326 totidem,
348 2253 443 2330 cupiet
457 2255 533 2314 lauto
545 2274 658 2312 coenare
672 2266 770 2332 paratu

113 2335 243 2411 Semper,
257 2345 287 2395 at
300 2353 317 2392 a
329 2334 433 2408 magnai
448 2354 505 2392 non
520 2335 691 2410 degenerare
704 2333 808 2392 culini.

113 2412 215 2474 Mitem
229 2414 356 2472 animum
369 2426 399 2472 et
412 2431 502 2470 mores
517 2413 635 2472 modicis
648 2414 787 2474 erroribus
801 2433 894 2490 aeqnca

116 2493 254 2569 Pracipit,
269 2505 352 2567 atque
365 2493 474 2550 animas
487 2511 629 2551 servorum
642 2505 672 2550 et
684 2512 800 2568 corpora
813 2493 908 2552 nostri

122 2570 235 2630 Materia
249 2585 378 2629 constare
392 2581 472 2645 putat
482 2571 651 2646 paribusque
665 2571 828 2642 elementis5

124 2651 168 2708 An
179 2652 275 2708 sevire
289 2651 372 2708 docet
385 2649 511 2721 Rutilus,
525 2650 573 2724 qui
588 2651 693 2729 gaudet
705 2651 807 2710 acerbo

124 2729 266 2806 Piagarum
282 2729 572 2805 respiramentum
587 2730 689 2788 Sirena
702 2727 820 2806 flagellis

120 2809 275 2886 (irruperat,
290 2809 458 2884 Antiphates
470 2809 570 2885 trepidi
583 2809 660 2882 laris,
674 2829 708 2868 ac
726 2809 922 2888 Polyphemus,

115 2889 191 2946 Tum
206 2889 282 2959 felin,
297 2889 405 2962 quoties
418 2889 517 2963 aliquis
530 2901 631 2949 tortore
645 2900 742 2948 vocato

112 2967 209 3026 Uritur
224 2967 334 3026 ardenti
348 2969 405 3026 duo
417 2979 528 3043 propter
541 2968 627 3026 lintea
641 2969 732 3026 serroi

109 3047 194 3110 Quid
209 3046 310 3104 suadet
321 3046 416 3121 juveni
428 3047 508 3104 letus
521 3047 639 3104 stridore
653 3058 771 3118 catenae,

109 3125 212 3188 Quem
227 3123 300 3184 mirri
311 3125 439 3182 afficiunt
453 3125 587 3198 inscripta
600 3125 750 3198 ergastula,
761 3144 857 3182 carcer

110 3205 274 3264 Rusticus?
314 3203 477 3280 Exspectas,
492 3213 520 3258 ut
536 3223 591 3260 non
606 3203 642 3258 sit
652 3202 779 3260 adultera
792 3201 892 3279 Largae

112 3283 202 3356 Filia,
217 3301 279 3358 quae
293 3302 437 3358 nunquam
452 3293 592 3340 maternos
606 3281 700 3338 dicere
713 3281 838 3340 moechos

110 3362 193 3422 Tam
206 3360 274 3433 cito,
288 3381 343 3423 nec
356 3373 433 3423 tanto
446 3361 548 3436 poterit
562 3372 714 3418 contexere
729 3379 824 3434 cursu,

111 3442 155 3501 Ut
168 3461 226 3500 non
240 3453 282 3499 ter
295 3441 391 3500 decies
404 3441 545 3516 respiret?
586 3439 710 3498 Conscia
723 3439 805 3498 matri

110 3522 206 3598 Virgo
220 3521 287 3582 fuit:
309 3537 388 3579 ceras
402 3539 480 3578 nunc
494 3520 548 3578 hric
561 3519 685 3576 dictante
699 3520 813 3594 pusillas

113 3601 231 3676 Implet,
244 3601 318 3658 etad
333 3600 458 3659 armenos
471 3600 520 3656 dat
532 3599 639 3656 eisdem
653 3599 724 3656 ferre
737 3599 862 3658 cinaedis.

115 3680 169 3738 Sic
183 3691 281 3736 natura
292 3679 389 3755 jubet:
405 3675 529 3736 velocius
542 3689 570 3736 et
583 3675 667 3736 citiirs
681 3699 732 3736 nos

115 3758 311 3834 Corrumpunt
324 3757 454 3814 vitiorum
468 3759 595 3833 exempla
608 3757 771 3830 domestica,
785 3758 896 3834 magnis
952 3758 956 3766 ’
1052 3750 1056 3817 Ῐ

115 3837 353 3904 Qumaubaunt
367 3836 475 3902 animos
485 3837 655 3895 auctoribus.
695 3836 776 3894 Unus
786 3849 815 3894 et
828 3837 896 3896 alter

118 3915 251 3975 Forsitan
265 3918 325 3974 haec
339 3926 472 3992 spernant
481 3915 610 3991 juvenes,
624 3915 725 3992 quibus
739 3931 797 3974 arte
811 3917 936 3995 benigni
