2628 4430
202 440 242 500 ἃ
518 437 550 486 D.
567 435 663 486 JUNll
680 435 876 484 JUVENALIS

202 580 299 638 Servis
312 598 400 656 regna
413 579 531 650 dabunt,
545 578 663 656 captivis
677 575 750 636 Fata
763 577 928 653 triumphos.

202 657 285 716 Felix
299 657 346 716 ille
360 669 456 715 tamen
470 675 554 715 corvo
567 675 676 732 quoque
690 657 778 714 rarior
792 656 865 714 albo.

202 736 338 794 Poenituit
351 736 454 793 multos
468 753 547 792 vanae
561 735 718 810 sterilisque
732 735 885 805 cathedrae,

101 855 109 864 .
203 813 285 872 Sicut
300 813 510 890 Thrasymachi
523 813 623 888 probat
635 813 737 884 exitus,
752 823 835 886 atque
850 811 977 868 Secundi

202 891 374 950 Carrinatis:
395 901 424 949 et
438 892 516 948 hunc
530 891 644 966 inopem
657 891 775 963 vidistis,
790 889 923 961 Athenae,
1128 887 1191 948 2⁰5

201 969 253 1028 Nil
265 980 367 1046 preter
381 969 490 1046 gelidas
503 987 578 1026 ause
593 969 721 1028 conferre
735 968 852 1026 cicutas.

202 1045 252 1120 Di,
266 1048 404 1124 majorum
416 1047 526 1104 umbris
539 1055 656 1104 tenuem
671 1057 701 1104 et
715 1046 778 1104 sine
791 1043 919 1124 pondere
933 1055 1047 1119 terram,

203 1125 404 1202 spirantesque
418 1143 525 1198 crocos,
539 1135 570 1182 et
583 1125 613 1182 in
626 1125 700 1182 urnd
713 1134 880 1200 perpetuum
894 1141 952 1196 ver,

198 1203 265 1265 Qui
277 1215 479 1281 preceptorem
493 1203 584 1261 sancti
598 1201 712 1261 voludre
726 1203 851 1278 parentis

202 1281 274 1340 Fese
287 1283 359 1341 loco.
400 1282 534 1340 Metuens
547 1281 633 1358 virge
644 1281 703 1358 jam
716 1281 832 1357 grandis
846 1279 976 1342 Achilles
1127 1278 1190 1339 210

203 1361 344 1420 Cantabat
356 1361 454 1436 patriis
468 1360 497 1416 in
512 1359 672 1418 montibus:
692 1371 722 1416 et
734 1359 783 1416 cui
796 1377 854 1417 non
868 1369 938 1417 tunc
1029 1361 1033 1378 '

203 1437 329 1498 Eliceret
343 1439 431 1497 risum
444 1438 593 1496 citharoedi
606 1439 699 1495 cauda
711 1437 859 1514 magistri?

204 1518 262 1574 Sed
276 1517 386 1575 Rufum
401 1529 484 1592 atque
498 1515 568 1574 elios
581 1517 666 1573 credit
680 1535 731 1572 rua
744 1533 863 1590 quaeque
875 1515 1027 1592 juvemus:

203 1595 327 1669 Rufum,
340 1597 388 1673 qui
402 1595 484 1654 toties
498 1595 668 1652 Ciceronem
682 1594 836 1670 Allobroga
849 1593 928 1652 dixit.

125 1717 129 1724 ,
241 1673 318 1736 Quis
332 1675 440 1750 gremio
453 1673 592 1732 Enceladi
606 1673 738 1748 doctique
751 1671 920 1731 Polemonis
935 1669 1016 1732 affert
1125 1671 1189 1730 215

202 1750 354 1812 Quantirm
367 1751 569 1829 grammaticus
583 1751 686 1809 meruit
698 1751 796 1810 laborl
817 1761 954 1810 ettamen
968 1767 1004 1807 ex
1016 1749 1084 1822 hoc,

202 1829 404 1906 Quodcunque
416 1842 470 1902 est,
485 1829 594 1907 (minus
607 1841 650 1886 est
663 1839 768 1901 antem,
782 1827 867 1904 qudm
881 1829 1001 1887 rhetoris
1015 1827 1085 1906 era)

202 1905 344 1984 Discipuli
353 1918 449 1965 custos
462 1909 629 1984 premordet
643 1908 869 1980 Aooenonoetus,

200 1983 251 2058 ··Et,
262 1987 313 2062 qui
327 1986 481 2065 dispensat,
496 1987 606 2061 franget
619 1985 681 2043 sibi.
723 1985 813 2057 Cede,
827 1983 982 2057 Palemon,

202 2063 241 2122 Et
253 2075 348 2141 patere
363 2066 430 2125 inde
444 2065 549 2140 aliquid
563 2065 738 2136 decrescere,
753 2083 810 2122 non
825 2064 915 2138 aliter,
929 2061 1015 2140 quim
1125 2061 1188 2124 Μ

202 2141 318 2202 Institor
332 2143 457 2204 hiberuae
471 2143 572 2222 tegetis
585 2143 715 2218 niveique
730 2143 857 2214 cadurci,

202 2221 365 2282 Dummodo
378 2242 435 2281 non
449 2232 554 2299 pereat,
569 2221 670 2279 medie
683 2219 759 2297 qudd
773 2221 866 2279 noctis
879 2222 916 2279 ab
928 2221 999 2280 horA

202 2300 318 2373 Sedisti,
331 2301 388 2377 qud
401 2319 486 2360 nemo
499 2301 587 2373 faber,
600 2301 657 2375 qud
671 2319 755 2360 nemo
768 2301 889 2373 sederet,

200 2377 263 2440 Qui
273 2379 357 2437 docet
369 2380 483 2458 obliquo
496 2379 590 2439 lanam
605 2379 746 2436 deducere
760 2377 849 2448 lerr0;

201 2457 364 2516 Dummodo
378 2477 435 2516 non
449 2468 546 2534 pereat
558 2457 676 2516 totidem
689 2456 819 2515 olfecisse
832 2457 973 2529 lucernas,

200 2536 282 2598 Quot
295 2538 407 2596 stabant
420 2537 510 2614 puori,
524 2555 611 2612 quum
625 2547 701 2593 totus
715 2534 828 2593 decolor
841 2545 917 2595 esset

201 2615 334 2688 Flaccus,
348 2627 377 2674 et
390 2617 508 2674 hereret
521 2615 603 2691 nigro
617 2615 705 2690 fuligo
718 2613 839 2672 Maroni.

201 2693 282 2752 Rara
294 2705 390 2753 tamen
404 2713 524 2764 merces,
538 2711 601 2768 que
615 2693 778 2768 cognitione
791 2692 896 2750 tribuni

200 2771 268 2830 Non
284 2783 374 2847 egeat
417 2772 474 2828 Sed
489 2790 537 2828 vos
550 2789 638 2827 setas
652 2771 787 2846 imponite
801 2771 889 2848 leges,

200 2849 240 2908 Ut
252 2849 417 2928 preceptori
431 2849 579 2907 verborum
593 2847 692 2924 regula
705 2859 825 2920 constet,

200 2927 240 2986 Ut
252 2929 329 3006 legat
342 2929 480 3000 historias,
494 2939 625 2985 auctores
638 2927 747 2984 noverit
760 2945 869 2999 omnes,

200 3007 351 3082 Tanquam
366 3025 477 3083 ungues
491 3005 649 3082 digitosque
663 3025 746 3074 suos;
767 3017 798 3063 ut
812 3003 883 3064 forte
901 3015 1027 3084 rogatus,

200 3085 278 3144 Dum
292 3085 362 3163 petit
376 3097 424 3143 aut
436 3085 561 3144 thermas
574 3095 623 3142 eut
633 3085 733 3142 Phoebi
747 3086 858 3158 balnea,
872 3085 950 3144 dicat

200 3158 350 3223 Nutricem
364 3165 512 3237 Anchise,
526 3183 630 3224 nomen
645 3164 819 3242 patriamque
833 3181 962 3222 novercre

201 3244 373 3302 Anchemoli
385 3264 391 3314 ;
413 3243 499 3316 dicat,
512 3253 581 3320 quot
595 3243 716 3300 Acestes
729 3242 829 3301 vixerit
842 3261 941 3312 annos,

199 3323 281 3386 Quot
295 3322 409 3380 Siculus
423 3321 582 3400 Phrygibus
595 3322 654 3380 vini
667 3322 813 3380 donaverit
827 3341 919 3380 urnas.

200 3401 325 3477 Exigite,
339 3412 371 3458 ut
384 3419 477 3458 mores
490 3412 603 3458 teneros
616 3419 671 3458 ceu
683 3401 786 3477 pollice
799 3401 895 3472 ducat,

81 3493 85 3500 ‘
200 3479 240 3540 Ut
253 3481 277 3538 si
290 3479 353 3554 quis
366 3479 434 3537 cerd
447 3477 554 3536 vultum
568 3478 655 3538 lacit:
676 3479 791 3556 exigite,
806 3491 838 3536 ut
851 3479 888 3538 sit

200 3555 239 3616 Et
251 3569 331 3634 pater
344 3558 432 3634 ipsius
443 3557 545 3631 emtus,
559 3575 597 3614 ne
611 3559 705 3634 turpia
717 3557 868 3615 ludant.-

201 3635 285 3709 Hec,
300 3637 401 3712 inquit,
414 3655 497 3694 cures
505 3657 514 3707 ;
534 3645 572 3710 et,
586 3654 672 3712 quum
687 3655 719 3694 se
732 3636 845 3694 verterit
858 3652 960 3709 mnus,

201 3715 323 3791 Accipe,
339 3715 437 3774 victori
449 3714 570 3791 populus
583 3713 659 3790 qnod
672 3715 804 3792 postulat,
818 3733 927 3772 aurum.
