2628 4430
531 364 656 416 suanm
673 356 719 416 IV.

120 505 226 581 thue
239 504 320 564 lacus
333 505 476 578 suberant,
491 506 550 580 ubi,
564 527 724 583 quanquam
738 509 841 582 diruta,
855 521 948 570 serrat

121 585 230 661 Ignem
244 585 403 662 Troianum
427 597 456 646 et
470 587 587 646 Vestam
598 587 664 644 colit
678 589 755 646 Alba
769 588 917 663 minorem,

121 663 247 744 Obstitit
260 664 375 724 intranti
390 665 517 724 miratrix
529 667 612 724 turba
625 685 783 743 parumper.

123 743 165 802 Ut
177 745 277 816 cessit,
291 744 366 802 sacili
380 757 532 821 patuerunt
545 746 661 803 cardine
676 747 769 804 valvae.

126 823 247 882 Exclusi
260 834 388 898 spectant
402 825 523 882 admissa
536 825 654 900 opsonia
668 825 773 884 Patres.

125 903 188 960 ltur
204 903 239 962 ad
254 903 392 960 Attidem.
434 903 512 960 Tum
526 903 640 978 Picens,
655 906 775 982 Accipe,
789 906 870 980 dixit,

124 981 246 1040 Privatis
259 982 366 1058 majora
379 983 466 1042 focis:
487 983 607 1059 genialis
621 996 719 1060 agatur

125 1061 184 1118 Iste
199 1061 270 1134 dies,
284 1081 402 1138 propera
415 1063 591 1122 stomachum
605 1062 699 1122 laxare
713 1065 828 1141 saginis,

124 1140 164 1200 Et
177 1151 228 1198 tua
240 1153 380 1200 servatum
394 1159 530 1200 consume
544 1141 574 1198 in
587 1142 692 1200 secus
704 1144 861 1219 rhombum.

124 1217 193 1294 Ipse
215 1220 279 1296 capi
300 1217 405 1276 voluit:
426 1219 495 1294 quid
518 1221 662 1295 apertiusl
682 1231 712 1278 et
730 1231 827 1280 tamen
848 1221 889 1280 illi

126 1297 290 1374 Surgebant
303 1297 403 1354 cristae.
444 1296 526 1354 Nihil
540 1311 592 1370 est,
606 1301 680 1374 quod
695 1301 811 1358 credere
825 1301 861 1360 de
874 1321 906 1362 se

125 1373 194 1434 Non
208 1377 304 1452 possit,
319 1375 548 1452 quumlaudatur
562 1377 607 1435 dis
621 1398 700 1454 aequa
713 1393 843 1456 potestas.

126 1455 185 1514 Sed
201 1457 298 1514 deerat
311 1456 382 1530 pisci
396 1457 499 1531 patiuae
512 1476 652 1516 mensura.
694 1459 841 1518 Vocantur

126 1533 204 1611 Ergb
218 1536 248 1594 in
263 1535 413 1593 consilium
426 1556 567 1612 proceres,
580 1557 650 1612 quos
663 1540 762 1596 oderat
775 1539 844 1610 llle;

126 1613 162 1672 ln
175 1633 296 1690 quorum
310 1615 381 1674 facie
396 1615 504 1672 miserae
519 1635 684 1691 magnaeque
698 1619 814 1676 sedebat

127 1693 218 1752 Pallor
232 1693 373 1752 amicitiae.
415 1693 536 1765 Primus,
551 1696 691 1752 clamante
705 1697 841 1770 Liburno,

127 1773 255 1832 Currite!
275 1773 334 1850 jam
347 1774 438 1832 sedit!
460 1775 539 1850 rapta
552 1777 717 1850 properabat
731 1777 823 1834 aboliti

125 1853 261 1930 Pegasus,
273 1854 398 1911 attonitae
411 1854 517 1930 positus
531 1853 616 1912 modii
633 1855 741 1914 villicus
755 1855 832 1916 Urbi.

126 1934 212 1991 Anne
226 1934 302 1990 aliud
314 1944 383 1990 tunc
396 1934 540 2008 praefectil
561 1953 679 2009 quorum
694 1937 816 2011 optimus
829 1949 912 2014 atque

124 2012 269 2089 Interpres
282 2013 379 2088 legum
391 2014 595 2085 sanctissimus,
608 2017 705 2072 omnia
718 2035 879 2092 quanquam
961 2035 966 2048 ’

124 2092 316 2168 Temporibus
329 2092 397 2149 diris
411 2095 557 2150 tractanda
570 2095 684 2169 putabat
699 2093 800 2154 inernii

124 2171 247 2230 iustitia.
290 2171 378 2231 Venit
390 2183 419 2230 et
432 2172 524 2248 Crispi
537 2173 664 2249 jucunda
677 2187 818 2247 senectus

124 2251 214 2328 Cujus
228 2263 309 2309 erant
322 2269 422 2323 mores,
437 2253 526 2326 qualis
541 2252 682 2325 facundia,
697 2255 764 2312 mite

124 2331 280 2408 ingenium
294 2351 300 2388 z
322 2331 410 2388 maria
424 2351 458 2388 ac
472 2343 559 2390 terras
573 2333 745 2408 populosque
760 2334 870 2410 regenti

124 2410 198 2472 Quis
212 2429 310 2470 comes
323 2411 425 2483 utilior,
440 2410 464 2468 si
479 2413 561 2470 clade
575 2424 602 2470 et
617 2426 693 2487 peste
708 2413 761 2470 sub
774 2414 822 2472 itta

127 2491 269 2549 Saevitiam
283 2491 417 2548 damnare
432 2502 459 2548 et
473 2493 622 2548 honestum
638 2493 737 2550 afferre
752 2493 852 2550 liceret

130 2567 307 2628 Consiliuml
349 2569 406 2626 Sed
421 2569 488 2642 quid
504 2571 651 2626 violentius
666 2589 733 2626 aure
748 2573 870 2645 tyranni,

131 2648 196 2706 Cum
211 2669 268 2724 quo
283 2649 318 2706 de
332 2647 443 2724 pluviis,
459 2659 507 2706 aut
521 2649 644 2718 estibus,
660 2661 709 2706 aut
722 2649 852 2708 nimboso

129 2727 197 2788 Vere
212 2729 334 2786 locuturi
350 2727 437 2784 fatum
451 2728 592 2803 pendebat
606 2729 712 2786 amicil

124 2807 174 2866 llle
188 2809 275 2885 igitur
290 2827 435 2883 nunquam
449 2809 549 2866 direxit
565 2808 680 2868 brachia
693 2819 792 2867 contra

123 2888 304 2958 Torrentem,
318 2907 372 2944 nec
387 2888 455 2944 civis
470 2902 539 2960 erat,
553 2887 600 2962 qui
614 2889 702 2946 libera
715 2901 809 2968 posset

123 2969 218 3026 Verba
231 2967 319 3025 animi
332 2967 463 3044 prolerre,
477 2979 507 3026 et
520 2968 604 3026 vitam
618 2969 781 3044 impendere
796 2990 869 3030 vero.

123 3048 171 3106 Sic
185 3047 288 3104 multas
302 3047 409 3104 hiemes
423 3059 505 3122 atque
518 3048 690 3122 octogesima
705 3049 774 3104 vidit

123 3127 257 3197 Solstitia,
278 3126 322 3184 his
344 3126 429 3184 armis
451 3123 499 3182 illa
518 3145 630 3200 quoque
650 3137 728 3182 tutus
741 3126 770 3182 in
785 3127 861 3185 aula.

123 3206 271 3264 Proximus
284 3205 410 3282 ejusdem
423 3203 590 3280 properabat
603 3203 716 3260 Acilius
730 3204 782 3260 aevi

123 3285 199 3344 Cum
209 3285 323 3362 juvene,
338 3285 464 3359 indigno,
478 3301 562 3358 quem
576 3301 650 3340 mors
664 3293 722 3338 tarn
736 3302 810 3339 saeva
823 3295 960 3357 maneret,

122 3365 160 3423 Et
173 3364 289 3424 Domini
303 3363 404 3440 gladiis
417 3375 475 3422 tam
490 3362 638 3431 festinata3
659 3363 708 3420 sed
722 3361 791 3420 olim

116 3443 256 3522 =I’rodigio
268 3463 320 3520 par
333 3454 376 3502 est
389 3462 455 3500 curn
469 3441 614 3499 nobilitate
628 3454 775 3512 senectus;

123 3523 206 3582 Unde
219 3523 260 3595 fit,
278 3535 310 3582 ut
323 3522 420 3580 malim
434 3521 599 3580 fraterculus
613 3539 674 3578 esse
687 3521 817 3598 gigantis.

123 3602 232 3662 Proluit
245 3599 313 3680 ergb
327 3602 397 3660 nihil
411 3602 524 3674 misero,
539 3597 615 3676 qubd
629 3601 760 3660 cominus
770 3621 850 3662 ursos

124 3682 245 3761 Figebat
258 3681 409 3751 Numidas,
424 3679 538 3739 Albensi
551 3681 644 3738 nudus
658 3681 744 3746 arenti

123 3763 257 3822 Venator.
297 3759 374 3822 Quis
387 3761 464 3818 enim
475 3761 532 3837 jam
546 3780 606 3818 nou
619 3761 757 3837 intelligat
771 3773 843 3820 artes
1049 3765 1106 3826 100

126 3841 282 3902 Patriciasl
302 3841 364 3916 quis
377 3840 501 3915 priscum
515 3841 583 3900 illud
597 3841 713 3900 miretur
727 3859 858 3914 acumen,

124 3921 221 3996 Brute,
235 3921 336 3980 tuuml
357 3917 473 4058 gilone
488 3931 530 3978 est
544 3921 659 4005 barbato
672 3921 816 3996 imponere
829 3921 898 4000 regi.
