<?xml version="1.0" encoding="UTF-8"?>
<!DOCTYPE html PUBLIC "-//W3C//DTD XHTML 1.0 Transitional//EN"
    "http://www.w3.org/TR/xhtml1/DTD/xhtml1-transitional.dtd">
<html xmlns="http://www.w3.org/1999/xhtml" xml:lang="en" lang="en">
 <head>
  <title>
</title>
<meta http-equiv="Content-Type" content="text/html;charset=utf-8" />
  <meta name='ocr-system' content='tesseract 3.04.00' />
  <meta name='ocr-capabilities' content='ocr_page ocr_carea ocr_par ocr_line ocrx_word'/>
</head>
<body>
  <div class='ocr_page' id='page_1' title='image "./decimijuniijuve02persgoog_0074.png"; bbox 0 0 2628 4430; ppageno 0'>
   <div class='ocr_carea' id='block_1_1' title="bbox 499 405 686 454">
    <p class='ocr_par' dir='ltr' id='par_1_1' title="bbox 499 405 686 454">
     <span class='ocr_line' id='line_1_1' title="bbox 499 405 686 454; baseline 0 0"><span class='ocrx_word' id='word_1_1' title='bbox 499 405 621 454; x_wconf 71' lang='lat' dir='ltr'><strong>sirini</strong></span> <span class='ocrx_word' id='word_1_2' title='bbox 640 407 686 454; x_wconf 90' lang='lat' dir='ltr'><strong>Xl.</strong></span> 
     </span>
    </p>
   </div>
   <div class='ocr_carea' id='block_1_2' title="bbox 14 548 848 1572">
    <p class='ocr_par' dir='ltr' id='par_1_2' title="bbox 95 548 726 620">
     <span class='ocr_line' id='line_1_2' title="bbox 95 548 726 620; baseline -0.003 -14"><span class='ocrx_word' id='word_1_3' title='bbox 95 548 222 606; x_wconf 83' lang='lat' dir='ltr'><strong>AEnrula</strong></span> <span class='ocrx_word' id='word_1_4' title='bbox 236 548 350 606; x_wconf 83' lang='lat' dir='ltr'><strong>Picenis</strong></span> <span class='ocrx_word' id='word_1_5' title='bbox 363 560 391 606; x_wconf 87' lang='lat' dir='ltr'><strong>et</strong></span> <span class='ocrx_word' id='word_1_6' title='bbox 403 549 496 606; x_wconf 85' lang='lat' dir='ltr'><strong>odoris</strong></span> <span class='ocrx_word' id='word_1_7' title='bbox 510 548 582 606; x_wconf 91' lang='lat' dir='ltr'><strong>mala</strong></span> <span class='ocrx_word' id='word_1_8' title='bbox 597 549 726 620; x_wconf 85' lang='lat' dir='ltr'><strong>recentis,</strong></span> 
     </span>
    </p>

    <p class='ocr_par' dir='ltr' id='par_1_3' title="bbox 95 627 833 782">
     <span class='ocr_line' id='line_1_3' title="bbox 95 627 833 703; baseline -0.001 -18"><span class='ocrx_word' id='word_1_9' title='bbox 95 627 169 685; x_wconf 85' lang='lat' dir='ltr'><strong>Nec</strong></span> <span class='ocrx_word' id='word_1_10' title='bbox 184 629 337 684; x_wconf 86' lang='lat' dir='ltr'><strong>metuenda</strong></span> <span class='ocrx_word' id='word_1_11' title='bbox 352 628 410 698; x_wconf 91' lang='lat' dir='ltr'><strong>tibi,</strong></span> <span class='ocrx_word' id='word_1_12' title='bbox 425 629 559 684; x_wconf 89' lang='lat' dir='ltr'><strong>siccatum</strong></span> <span class='ocrx_word' id='word_1_13' title='bbox 576 627 833 703; x_wconf 21' lang='lat' dir='ltr'><strong>frigore—postquam</strong></span> 
     </span>
     <span class='ocr_line' id='line_1_4' title="bbox 96 705 792 782; baseline 0 -19"><span class='ocrx_word' id='word_1_14' title='bbox 96 708 287 764; x_wconf 82' lang='lat' dir='ltr'><strong>Autumnum</strong></span> <span class='ocrx_word' id='word_1_15' title='bbox 300 717 328 762; x_wconf 90' lang='lat' dir='ltr'><strong>et</strong></span> <span class='ocrx_word' id='word_1_16' title='bbox 342 707 421 763; x_wconf 90' lang='lat' dir='ltr'><strong>crudi</strong></span> <span class='ocrx_word' id='word_1_17' title='bbox 436 705 553 782; x_wconf 76' lang='lat' dir='ltr'><strong>posndre</strong></span> <span class='ocrx_word' id='word_1_18' title='bbox 568 707 691 781; x_wconf 88' lang='lat' dir='ltr'><strong>pericula</strong></span> <span class='ocrx_word' id='word_1_19' title='bbox 705 708 792 764; x_wconf 88' lang='lat' dir='ltr'><strong>succi.</strong></span> 
     </span>
    </p>

    <p class='ocr_par' dir='ltr' id='par_1_4' title="bbox 14 785 716 866">
     <span class='ocr_line' id='line_1_5' title="bbox 14 785 716 866; baseline 0 -24"><span class='ocrx_word' id='word_1_20' title='bbox 14 833 16 854; x_wconf 78' lang='lat'>‚</span> <span class='ocrx_word' id='word_1_21' title='bbox 97 785 177 842; x_wconf 79' lang='lat' dir='ltr'><strong>Haec</strong></span> <span class='ocrx_word' id='word_1_22' title='bbox 192 785 362 866; x_wconf 79' lang='lat' dir='ltr'><strong>olimnostri</strong></span> <span class='ocrx_word' id='word_1_23' title='bbox 376 786 432 860; x_wconf 87' lang='lat' dir='ltr'><strong>jam</strong></span> <span class='ocrx_word' id='word_1_24' title='bbox 448 785 588 842; x_wconf 81' lang='lat' dir='ltr'><strong>luxuriosa</strong></span> <span class='ocrx_word' id='word_1_25' title='bbox 603 787 716 842; x_wconf 78' lang='lat' dir='ltr'><strong>senatus</strong></span> 
     </span>
    </p>

    <p class='ocr_par' dir='ltr' id='par_1_5' title="bbox 97 864 848 1255">
     <span class='ocr_line' id='line_1_6' title="bbox 97 864 826 940; baseline 0.001 -19"><span class='ocrx_word' id='word_1_26' title='bbox 97 865 197 922; x_wconf 73' lang='lat' dir='ltr'><strong>Caena</strong></span> <span class='ocrx_word' id='word_1_27' title='bbox 215 865 274 920; x_wconf 84' lang='lat' dir='ltr'><strong>suit.</strong></span> <span class='ocrx_word' id='word_1_28' title='bbox 315 864 431 934; x_wconf 84' lang='lat' dir='ltr'><strong>Curius,</strong></span> <span class='ocrx_word' id='word_1_29' title='bbox 446 883 528 940; x_wconf 89' lang='lat' dir='ltr'><strong>parvo</strong></span> <span class='ocrx_word' id='word_1_30' title='bbox 542 883 603 936; x_wconf 67' lang='lat' dir='ltr'><strong>qnae</strong></span> <span class='ocrx_word' id='word_1_31' title='bbox 618 865 722 939; x_wconf 85' lang='lat' dir='ltr'><strong>legerat</strong></span> <span class='ocrx_word' id='word_1_32' title='bbox 736 866 826 937; x_wconf 89' lang='lat' dir='ltr'><strong>horto,</strong></span> 
     </span>
     <span class='ocr_line' id='line_1_7' title="bbox 99 943 848 1020; baseline -0.003 -19"><span class='ocrx_word' id='word_1_33' title='bbox 99 943 169 1020; x_wconf 85' lang='lat' dir='ltr'><strong>Ipse</strong></span> <span class='ocrx_word' id='word_1_34' title='bbox 183 944 256 1001; x_wconf 82' lang='lat' dir='ltr'><strong>focis</strong></span> <span class='ocrx_word' id='word_1_35' title='bbox 270 943 398 999; x_wconf 89' lang='lat' dir='ltr'><strong>brevibus</strong></span> <span class='ocrx_word' id='word_1_36' title='bbox 413 943 532 1020; x_wconf 89' lang='lat' dir='ltr'><strong>ponebat</strong></span> <span class='ocrx_word' id='word_1_37' title='bbox 546 943 681 1014; x_wconf 87' lang='lat' dir='ltr'><strong>oluscula,</strong></span> <span class='ocrx_word' id='word_1_38' title='bbox 696 961 757 1018; x_wconf 84' lang='lat' dir='ltr'><strong>quae</strong></span> <span class='ocrx_word' id='word_1_39' title='bbox 772 962 848 1000; x_wconf 89' lang='lat' dir='ltr'><strong>nunc</strong></span> 
     </span>
     <span class='ocr_line' id='line_1_8' title="bbox 101 1021 795 1098; baseline -0.003 -18"><span class='ocrx_word' id='word_1_40' title='bbox 101 1022 261 1098; x_wconf 82' lang='lat' dir='ltr'><strong>Squalidus</strong></span> <span class='ocrx_word' id='word_1_41' title='bbox 275 1021 302 1077; x_wconf 92' lang='lat' dir='ltr'><strong>in</strong></span> <span class='ocrx_word' id='word_1_42' title='bbox 319 1023 420 1096; x_wconf 82' lang='lat' dir='ltr'><strong>magnai</strong></span> <span class='ocrx_word' id='word_1_43' title='bbox 432 1021 536 1078; x_wconf 76' lang='lat' dir='ltr'><strong>fastidit</strong></span> <span class='ocrx_word' id='word_1_44' title='bbox 550 1023 685 1096; x_wconf 80' lang='lat' dir='ltr'><strong>compede</strong></span> <span class='ocrx_word' id='word_1_45' title='bbox 698 1022 795 1093; x_wconf 78' lang='lat' dir='ltr'><strong>fossor,</strong></span> 
     </span>
     <span class='ocr_line' id='line_1_9' title="bbox 101 1101 842 1178; baseline 0 -21"><span class='ocrx_word' id='word_1_46' title='bbox 101 1102 164 1164; x_wconf 78' lang='lat' dir='ltr'><strong>Qui</strong></span> <span class='ocrx_word' id='word_1_47' title='bbox 180 1101 321 1171; x_wconf 88' lang='lat' dir='ltr'><strong>meminit,</strong></span> <span class='ocrx_word' id='word_1_48' title='bbox 336 1101 433 1157; x_wconf 83' lang='lat' dir='ltr'><strong>calidae</strong></span> <span class='ocrx_word' id='word_1_49' title='bbox 449 1102 537 1176; x_wconf 92' lang='lat' dir='ltr'><strong>sapiat</strong></span> <span class='ocrx_word' id='word_1_50' title='bbox 549 1101 615 1174; x_wconf 88' lang='lat' dir='ltr'><strong>quid</strong></span> <span class='ocrx_word' id='word_1_51' title='bbox 631 1101 711 1157; x_wconf 86' lang='lat' dir='ltr'><strong>vulva</strong></span> <span class='ocrx_word' id='word_1_52' title='bbox 725 1103 842 1178; x_wconf 88' lang='lat' dir='ltr'><strong>popinae.</strong></span> 
     </span>
     <span class='ocr_line' id='line_1_10' title="bbox 105 1180 700 1255; baseline -0.003 -17"><span class='ocrx_word' id='word_1_53' title='bbox 105 1181 182 1238; x_wconf 80' lang='lat' dir='ltr'><strong>Sicci</strong></span> <span class='ocrx_word' id='word_1_54' title='bbox 199 1191 280 1255; x_wconf 86' lang='lat' dir='ltr'><strong>terga</strong></span> <span class='ocrx_word' id='word_1_55' title='bbox 294 1181 360 1252; x_wconf 88' lang='lat' dir='ltr'><strong>suis,</strong></span> <span class='ocrx_word' id='word_1_56' title='bbox 374 1181 436 1236; x_wconf 79' lang='lat' dir='ltr'><strong>rara</strong></span> <span class='ocrx_word' id='word_1_57' title='bbox 451 1180 601 1254; x_wconf 83' lang='lat' dir='ltr'><strong>pendentia</strong></span> <span class='ocrx_word' id='word_1_58' title='bbox 615 1190 700 1252; x_wconf 85' lang='lat' dir='ltr'><strong>crate,</strong></span> 
     </span>
    </p>

    <p class='ocr_par' dir='ltr' id='par_1_6' title="bbox 104 1259 758 1334">
     <span class='ocr_line' id='line_1_11' title="bbox 104 1259 758 1334; baseline -0.002 -18"><span class='ocrx_word' id='word_1_59' title='bbox 104 1259 196 1316; x_wconf 85' lang='lat' dir='ltr'><strong>Moris</strong></span> <span class='ocrx_word' id='word_1_60' title='bbox 210 1270 271 1316; x_wconf 86' lang='lat' dir='ltr'><strong>erat</strong></span> <span class='ocrx_word' id='word_1_61' title='bbox 283 1260 422 1334; x_wconf 85' lang='lat' dir='ltr'><strong>quondam</strong></span> <span class='ocrx_word' id='word_1_62' title='bbox 439 1259 515 1314; x_wconf 86' lang='lat' dir='ltr'><strong>festis</strong></span> <span class='ocrx_word' id='word_1_63' title='bbox 529 1277 638 1315; x_wconf 86' lang='lat' dir='ltr'><strong>servare</strong></span> <span class='ocrx_word' id='word_1_64' title='bbox 650 1259 758 1332; x_wconf 74' lang='lat' dir='ltr'><strong>diebuS,</strong></span> 
     </span>
    </p>

    <p class='ocr_par' dir='ltr' id='par_1_7' title="bbox 102 1337 826 1572">
     <span class='ocr_line' id='line_1_12' title="bbox 102 1337 707 1414; baseline -0.005 -17"><span class='ocrx_word' id='word_1_65' title='bbox 102 1337 139 1397; x_wconf 84' lang='lat' dir='ltr'><strong>Et</strong></span> <span class='ocrx_word' id='word_1_66' title='bbox 154 1338 316 1397; x_wconf 87' lang='lat' dir='ltr'><strong>natalitium</strong></span> <span class='ocrx_word' id='word_1_67' title='bbox 331 1337 458 1414; x_wconf 85' lang='lat' dir='ltr'><strong>cognatis</strong></span> <span class='ocrx_word' id='word_1_68' title='bbox 471 1356 574 1412; x_wconf 88' lang='lat' dir='ltr'><strong>ponere</strong></span> <span class='ocrx_word' id='word_1_69' title='bbox 588 1337 707 1409; x_wconf 91' lang='lat' dir='ltr'><strong>lardum,</strong></span> 
     </span>
     <span class='ocr_line' id='line_1_13' title="bbox 103 1415 826 1490; baseline 0.001 -17"><span class='ocrx_word' id='word_1_70' title='bbox 103 1418 275 1476; x_wconf 84' lang='lat' dir='ltr'><strong>Accedentc</strong></span> <span class='ocrx_word' id='word_1_71' title='bbox 289 1417 371 1487; x_wconf 78' lang='lat' dir='ltr'><strong>noval,</strong></span> <span class='ocrx_word' id='word_1_72' title='bbox 387 1417 408 1472; x_wconf 90' lang='lat' dir='ltr'><strong>si</strong></span> <span class='ocrx_word' id='word_1_73' title='bbox 423 1435 506 1490; x_wconf 91' lang='lat' dir='ltr'><strong>quam</strong></span> <span class='ocrx_word' id='word_1_74' title='bbox 521 1415 605 1472; x_wconf 92' lang='lat' dir='ltr'><strong>dabat</strong></span> <span class='ocrx_word' id='word_1_75' title='bbox 619 1417 718 1488; x_wconf 90' lang='lat' dir='ltr'><strong>hostia,</strong></span> <span class='ocrx_word' id='word_1_76' title='bbox 733 1435 826 1474; x_wconf 88' lang='lat' dir='ltr'><strong>carne.</strong></span> 
     </span>
     <span class='ocr_line' id='line_1_14' title="bbox 103 1495 815 1572; baseline -0.001 -19"><span class='ocrx_word' id='word_1_77' title='bbox 103 1496 301 1572; x_wconf 74' lang='lat' dir='ltr'><strong>cognatorum</strong></span> <span class='ocrx_word' id='word_1_78' title='bbox 315 1495 423 1569; x_wconf 87' lang='lat' dir='ltr'><strong>aliquis,</strong></span> <span class='ocrx_word' id='word_1_79' title='bbox 437 1495 518 1552; x_wconf 87' lang='lat' dir='ltr'><strong>titulo</strong></span> <span class='ocrx_word' id='word_1_80' title='bbox 531 1507 572 1551; x_wconf 88' lang='lat' dir='ltr'><strong>ter</strong></span> <span class='ocrx_word' id='word_1_81' title='bbox 586 1496 719 1566; x_wconf 82' lang='lat' dir='ltr'><strong>consulis,</strong></span> <span class='ocrx_word' id='word_1_82' title='bbox 734 1509 815 1572; x_wconf 87' lang='lat' dir='ltr'><strong>atque</strong></span> 
     </span>
    </p>
   </div>
   <div class='ocr_carea' id='block_1_3' title="bbox 14 1574 790 1728">
    <p class='ocr_par' dir='ltr' id='par_1_8' title="bbox 14 1574 790 1728">
     <span class='ocr_line' id='line_1_15' title="bbox 14 1574 727 1650; baseline -0.006 -16"><span class='ocrx_word' id='word_1_83' title='bbox 14 1631 15 1634; x_wconf 74' lang='grc'>,</span> <span class='ocrx_word' id='word_1_84' title='bbox 104 1575 273 1632; x_wconf 79' lang='lat' dir='ltr'><strong>Castrorum</strong></span> <span class='ocrx_word' id='word_1_85' title='bbox 286 1574 410 1650; x_wconf 88' lang='lat' dir='ltr'><strong>imperiis</strong></span> <span class='ocrx_word' id='word_1_86' title='bbox 424 1585 452 1631; x_wconf 88' lang='lat' dir='ltr'><strong>et</strong></span> <span class='ocrx_word' id='word_1_87' title='bbox 466 1575 608 1630; x_wconf 87' lang='lat' dir='ltr'><strong>dictatoris</strong></span> <span class='ocrx_word' id='word_1_88' title='bbox 623 1576 727 1631; x_wconf 91' lang='lat' dir='ltr'><strong>honore</strong></span> 
     </span>
     <span class='ocr_line' id='line_1_16' title="bbox 14 1651 790 1728; baseline 0.005 -22"><span class='ocrx_word' id='word_1_89' title='bbox 14 1687 16 1706; x_wconf 37' lang='grc' dir='ltr'><em>ι</em></span> <span class='ocrx_word' id='word_1_90' title='bbox 108 1653 246 1725; x_wconf 83' lang='lat' dir='ltr'><strong>Functus,</strong></span> <span class='ocrx_word' id='word_1_91' title='bbox 261 1654 296 1710; x_wconf 91' lang='lat' dir='ltr'><strong>ad</strong></span> <span class='ocrx_word' id='word_1_92' title='bbox 312 1653 362 1709; x_wconf 91' lang='lat' dir='ltr'><strong>bas</strong></span> <span class='ocrx_word' id='word_1_93' title='bbox 372 1654 469 1728; x_wconf 85' lang='lat' dir='ltr'><strong>epulas</strong></span> <span class='ocrx_word' id='word_1_94' title='bbox 480 1653 560 1710; x_wconf 84' lang='lat' dir='ltr'><strong>sclito</strong></span> <span class='ocrx_word' id='word_1_95' title='bbox 574 1651 710 1710; x_wconf 76' lang='lat' dir='ltr'><strong>maturius</strong></span> <span class='ocrx_word' id='word_1_96' title='bbox 724 1653 790 1724; x_wconf 89' lang='lat' dir='ltr'><strong>ibat,</strong></span> 
     </span>
    </p>
   </div>
   <div class='ocr_carea' id='block_1_4' title="bbox 105 1730 944 3465">
    <p class='ocr_par' dir='ltr' id='par_1_9' title="bbox 108 1730 944 2044">
     <span class='ocr_line' id='line_1_17' title="bbox 109 1730 775 1807; baseline 0 -19"><span class='ocrx_word' id='word_1_97' title='bbox 109 1730 242 1790; x_wconf 85' lang='lat' dir='ltr'><strong>Erectum</strong></span> <span class='ocrx_word' id='word_1_98' title='bbox 255 1732 363 1789; x_wconf 92' lang='lat' dir='ltr'><strong>domito</strong></span> <span class='ocrx_word' id='word_1_99' title='bbox 374 1732 496 1790; x_wconf 80' lang='lat' dir='ltr'><strong>referens</strong></span> <span class='ocrx_word' id='word_1_100' title='bbox 510 1743 631 1788; x_wconf 89' lang='lat' dir='ltr'><strong>amonte</strong></span> <span class='ocrx_word' id='word_1_101' title='bbox 645 1733 775 1807; x_wconf 89' lang='lat' dir='ltr'><strong>ligonem.</strong></span> 
     </span>
     <span class='ocr_line' id='line_1_18' title="bbox 108 1809 944 1886; baseline -0.005 -14"><span class='ocrx_word' id='word_1_102' title='bbox 108 1811 207 1872; x_wconf 80' lang='lat' dir='ltr'><strong>Quum</strong></span> <span class='ocrx_word' id='word_1_103' title='bbox 222 1821 375 1868; x_wconf 89' lang='lat' dir='ltr'><strong>tremerent</strong></span> <span class='ocrx_word' id='word_1_104' title='bbox 390 1823 483 1867; x_wconf 85' lang='lat' dir='ltr'><strong>autern</strong></span> <span class='ocrx_word' id='word_1_105' title='bbox 497 1809 610 1881; x_wconf 83' lang='lat' dir='ltr'><strong>Fabios,</strong></span> <span class='ocrx_word' id='word_1_106' title='bbox 625 1811 781 1886; x_wconf 88' lang='lat' dir='ltr'><strong>durumque</strong></span> <span class='ocrx_word' id='word_1_107' title='bbox 795 1811 944 1885; x_wconf 85' lang='lat' dir='ltr'><strong>Catonem,</strong></span> 
     </span>
     <span class='ocr_line' id='line_1_19' title="bbox 108 1887 771 1964; baseline 0.002 -18"><span class='ocrx_word' id='word_1_108' title='bbox 108 1889 144 1947; x_wconf 86' lang='lat' dir='ltr'><strong>Et</strong></span> <span class='ocrx_word' id='word_1_109' title='bbox 156 1893 291 1962; x_wconf 89' lang='lat' dir='ltr'><strong>Scauros,</strong></span> <span class='ocrx_word' id='word_1_110' title='bbox 302 1901 330 1946; x_wconf 91' lang='lat' dir='ltr'><strong>et</strong></span> <span class='ocrx_word' id='word_1_111' title='bbox 344 1887 496 1960; x_wconf 70' lang='lat' dir='ltr'><strong>Fabricios</strong></span> <span class='ocrx_word' id='word_1_112' title='bbox 507 1888 646 1964; x_wconf 78' lang='lat' dir='ltr'><strong>postremo</strong></span> <span class='ocrx_word' id='word_1_113' title='bbox 660 1909 771 1947; x_wconf 86' lang='lat' dir='ltr'><strong>severos</strong></span> 
     </span>
     <span class='ocr_line' id='line_1_20' title="bbox 110 1969 711 2044; baseline 0 -18"><span class='ocrx_word' id='word_1_114' title='bbox 110 1969 245 2026; x_wconf 87' lang='lat' dir='ltr'><strong>Censoris</strong></span> <span class='ocrx_word' id='word_1_115' title='bbox 259 1987 351 2026; x_wconf 87' lang='lat' dir='ltr'><strong>mores</strong></span> <span class='ocrx_word' id='word_1_116' title='bbox 364 1969 447 2026; x_wconf 88' lang='lat' dir='ltr'><strong>etiam</strong></span> <span class='ocrx_word' id='word_1_117' title='bbox 463 1970 570 2044; x_wconf 87' lang='lat' dir='ltr'><strong>collega</strong></span> <span class='ocrx_word' id='word_1_118' title='bbox 587 1970 711 2038; x_wconf 88' lang='lat' dir='ltr'><strong>timeret;</strong></span> 
     </span>
    </p>

    <p class='ocr_par' dir='ltr' id='par_1_10' title="bbox 111 2047 837 2439">
     <span class='ocr_line' id='line_1_21' title="bbox 111 2047 778 2106; baseline 0.003 -2"><span class='ocrx_word' id='word_1_119' title='bbox 111 2047 199 2106; x_wconf 91' lang='lat' dir='ltr'><strong>Nemo</strong></span> <span class='ocrx_word' id='word_1_120' title='bbox 212 2050 289 2106; x_wconf 88' lang='lat' dir='ltr'><strong>inter</strong></span> <span class='ocrx_word' id='word_1_121' title='bbox 302 2067 384 2104; x_wconf 91' lang='lat' dir='ltr'><strong>curas</strong></span> <span class='ocrx_word' id='word_1_122' title='bbox 398 2059 426 2104; x_wconf 92' lang='lat' dir='ltr'><strong>et</strong></span> <span class='ocrx_word' id='word_1_123' title='bbox 439 2049 511 2104; x_wconf 91' lang='lat' dir='ltr'><strong>seria</strong></span> <span class='ocrx_word' id='word_1_124' title='bbox 525 2049 603 2104; x_wconf 85' lang='lat' dir='ltr'><strong>duxit</strong></span> <span class='ocrx_word' id='word_1_125' title='bbox 617 2049 778 2106; x_wconf 83' lang='lat' dir='ltr'><strong>habendum</strong></span> 
     </span>
     <span class='ocr_line' id='line_1_22' title="bbox 112 2121 723 2196; baseline -0.007 -8"><span class='ocrx_word' id='word_1_126' title='bbox 112 2121 209 2188; x_wconf 70' lang='lat' dir='ltr'><strong>Qualis</strong></span> <span class='ocrx_word' id='word_1_127' title='bbox 224 2129 254 2184; x_wconf 90' lang='lat' dir='ltr'><strong>in</strong></span> <span class='ocrx_word' id='word_1_128' title='bbox 269 2128 369 2184; x_wconf 86' lang='lat' dir='ltr'><strong>oceani</strong></span> <span class='ocrx_word' id='word_1_129' title='bbox 381 2126 467 2183; x_wconf 85' lang='lat' dir='ltr'><strong>fluctu</strong></span> <span class='ocrx_word' id='word_1_130' title='bbox 482 2127 592 2184; x_wconf 89' lang='lat' dir='ltr'><strong>testudo</strong></span> <span class='ocrx_word' id='word_1_131' title='bbox 606 2139 723 2196; x_wconf 87' lang='lat' dir='ltr'><strong>nataret,</strong></span> 
     </span>
     <span class='ocr_line' id='line_1_23' title="bbox 115 2205 837 2281; baseline 0.001 -19"><span class='ocrx_word' id='word_1_132' title='bbox 115 2205 224 2264; x_wconf 83' lang='lat' dir='ltr'><strong>Clarum</strong></span> <span class='ocrx_word' id='word_1_133' title='bbox 241 2205 413 2281; x_wconf 87' lang='lat' dir='ltr'><strong>Trojugeuis</strong></span> <span class='ocrx_word' id='word_1_134' title='bbox 427 2206 533 2262; x_wconf 85' lang='lat' dir='ltr'><strong>lactura</strong></span> <span class='ocrx_word' id='word_1_135' title='bbox 548 2223 580 2260; x_wconf 87' lang='lat' dir='ltr'><strong>ac</strong></span> <span class='ocrx_word' id='word_1_136' title='bbox 594 2207 686 2261; x_wconf 88' lang='lat' dir='ltr'><strong>nobile</strong></span> <span class='ocrx_word' id='word_1_137' title='bbox 701 2207 837 2263; x_wconf 85' lang='lat' dir='ltr'><strong>fulcrum:</strong></span> 
     </span>
     <span class='ocr_line' id='line_1_24' title="bbox 112 2283 769 2360; baseline -0.003 -18"><span class='ocrx_word' id='word_1_138' title='bbox 112 2286 162 2342; x_wconf 79' lang='lat' dir='ltr'><strong>Sed</strong></span> <span class='ocrx_word' id='word_1_139' title='bbox 176 2287 258 2344; x_wconf 92' lang='lat' dir='ltr'><strong>nudo</strong></span> <span class='ocrx_word' id='word_1_140' title='bbox 273 2285 358 2342; x_wconf 89' lang='lat' dir='ltr'><strong>latere</strong></span> <span class='ocrx_word' id='word_1_141' title='bbox 372 2297 400 2341; x_wconf 91' lang='lat' dir='ltr'><strong>et</strong></span> <span class='ocrx_word' id='word_1_142' title='bbox 412 2285 503 2360; x_wconf 70' lang='lat' dir='ltr'><strong>partis</strong></span> <span class='ocrx_word' id='word_1_143' title='bbox 515 2283 590 2340; x_wconf 82' lang='lat' dir='ltr'><strong>frons</strong></span> <span class='ocrx_word' id='word_1_144' title='bbox 604 2303 676 2340; x_wconf 85' lang='lat' dir='ltr'><strong>aerea</strong></span> <span class='ocrx_word' id='word_1_145' title='bbox 690 2283 769 2340; x_wconf 88' lang='lat' dir='ltr'><strong>lectis</strong></span> 
     </span>
     <span class='ocr_line' id='line_1_25' title="bbox 112 2363 692 2439; baseline -0.005 -18"><span class='ocrx_word' id='word_1_146' title='bbox 112 2365 169 2422; x_wconf 85' lang='lat' dir='ltr'><strong>Vile</strong></span> <span class='ocrx_word' id='word_1_147' title='bbox 182 2365 313 2422; x_wconf 83' lang='lat' dir='ltr'><strong>coronati</strong></span> <span class='ocrx_word' id='word_1_148' title='bbox 327 2375 412 2439; x_wconf 87' lang='lat' dir='ltr'><strong>caput</strong></span> <span class='ocrx_word' id='word_1_149' title='bbox 425 2363 590 2420; x_wconf 69' lang='lat' dir='ltr'><strong>ostendebat</strong></span> <span class='ocrx_word' id='word_1_150' title='bbox 605 2363 692 2434; x_wconf 88' lang='lat' dir='ltr'><strong>aselli,</strong></span> 
     </span>
    </p>

    <p class='ocr_par' dir='ltr' id='par_1_11' title="bbox 114 2443 716 2519">
     <span class='ocr_line' id='line_1_26' title="bbox 114 2443 716 2519; baseline -0.007 -17"><span class='ocrx_word' id='word_1_151' title='bbox 114 2444 154 2502; x_wconf 80' lang='lat' dir='ltr'><strong>Al</strong></span> <span class='ocrx_word' id='word_1_152' title='bbox 165 2445 242 2519; x_wconf 91' lang='lat' dir='ltr'><strong>quod</strong></span> <span class='ocrx_word' id='word_1_153' title='bbox 257 2443 355 2501; x_wconf 89' lang='lat' dir='ltr'><strong>lascivi</strong></span> <span class='ocrx_word' id='word_1_154' title='bbox 370 2443 503 2500; x_wconf 90' lang='lat' dir='ltr'><strong>ludebant</strong></span> <span class='ocrx_word' id='word_1_155' title='bbox 517 2444 588 2498; x_wconf 87' lang='lat' dir='ltr'><strong>ruris</strong></span> <span class='ocrx_word' id='word_1_156' title='bbox 602 2443 716 2498; x_wconf 89' lang='lat' dir='ltr'><strong>alumni.</strong></span> 
     </span>
    </p>

    <p class='ocr_par' dir='ltr' id='par_1_12' title="bbox 108 2519 819 3074">
     <span class='ocr_line' id='line_1_27' title="bbox 115 2519 819 2599; baseline 0.001 -23"><span class='ocrx_word' id='word_1_157' title='bbox 115 2519 192 2580; x_wconf 79' lang='lat' dir='ltr'><strong>Tales</strong></span> <span class='ocrx_word' id='word_1_158' title='bbox 205 2521 278 2599; x_wconf 77' lang='lat' dir='ltr'><strong>ergo</strong></span> <span class='ocrx_word' id='word_1_159' title='bbox 292 2523 358 2592; x_wconf 89' lang='lat' dir='ltr'><strong>cibi,</strong></span> <span class='ocrx_word' id='word_1_160' title='bbox 373 2523 460 2598; x_wconf 86' lang='lat' dir='ltr'><strong>qualis</strong></span> <span class='ocrx_word' id='word_1_161' title='bbox 475 2523 573 2576; x_wconf 87' lang='lat' dir='ltr'><strong>domus</strong></span> <span class='ocrx_word' id='word_1_162' title='bbox 588 2533 670 2594; x_wconf 88' lang='lat' dir='ltr'><strong>atque</strong></span> <span class='ocrx_word' id='word_1_163' title='bbox 687 2521 819 2594; x_wconf 86' lang='lat' dir='ltr'><strong>supellex.</strong></span> 
     </span>
     <span class='ocr_line' id='line_1_28' title="bbox 119 2598 770 2670; baseline -0.003 -14"><span class='ocrx_word' id='word_1_164' title='bbox 119 2598 192 2660; x_wconf 87' lang='lat' dir='ltr'><strong>Tunc</strong></span> <span class='ocrx_word' id='word_1_165' title='bbox 204 2601 287 2660; x_wconf 85' lang='lat' dir='ltr'><strong>rudis</strong></span> <span class='ocrx_word' id='word_1_166' title='bbox 300 2613 329 2658; x_wconf 88' lang='lat' dir='ltr'><strong>et</strong></span> <span class='ocrx_word' id='word_1_167' title='bbox 342 2601 441 2656; x_wconf 86' lang='lat' dir='ltr'><strong>Graias</strong></span> <span class='ocrx_word' id='word_1_168' title='bbox 454 2599 547 2655; x_wconf 91' lang='lat' dir='ltr'><strong>mirari</strong></span> <span class='ocrx_word' id='word_1_169' title='bbox 562 2601 674 2656; x_wconf 88' lang='lat' dir='ltr'><strong>nescius</strong></span> <span class='ocrx_word' id='word_1_170' title='bbox 688 2610 770 2670; x_wconf 74' lang='lat' dir='ltr'><strong>nnec,</strong></span> 
     </span>
     <span class='ocr_line' id='line_1_29' title="bbox 120 2667 789 2754; baseline -0.003 -18"><span class='ocrx_word' id='word_1_171' title='bbox 120 2667 231 2738; x_wconf 75' lang='lat' dir='ltr'><strong>Urbibus</strong></span> <span class='ocrx_word' id='word_1_172' title='bbox 245 2681 360 2749; x_wconf 88' lang='lat' dir='ltr'><strong>eversis,</strong></span> <span class='ocrx_word' id='word_1_173' title='bbox 375 2677 530 2754; x_wconf 87' lang='lat' dir='ltr'><strong>praedarum</strong></span> <span class='ocrx_word' id='word_1_174' title='bbox 545 2677 574 2734; x_wconf 90' lang='lat' dir='ltr'><strong>in</strong></span> <span class='ocrx_word' id='word_1_175' title='bbox 588 2689 666 2754; x_wconf 87' lang='lat' dir='ltr'><strong>parte</strong></span> <span class='ocrx_word' id='word_1_176' title='bbox 680 2677 789 2753; x_wconf 67' lang='lat' dir='ltr'><strong>reperta</strong></span> 
     </span>
     <span class='ocr_line' id='line_1_30' title="bbox 118 2755 806 2836; baseline 0 -22"><span class='ocrx_word' id='word_1_177' title='bbox 118 2755 279 2836; x_wconf 75' lang='lat' dir='ltr'><strong>Magnorum</strong></span> <span class='ocrx_word' id='word_1_178' title='bbox 293 2759 432 2816; x_wconf 88' lang='lat' dir='ltr'><strong>artificum</strong></span> <span class='ocrx_word' id='word_1_179' title='bbox 447 2757 591 2834; x_wconf 79' lang='lat' dir='ltr'><strong>frangebat</strong></span> <span class='ocrx_word' id='word_1_180' title='bbox 604 2759 704 2833; x_wconf 86' lang='lat' dir='ltr'><strong>pocula</strong></span> <span class='ocrx_word' id='word_1_181' title='bbox 718 2757 806 2830; x_wconf 89' lang='lat' dir='ltr'><strong>miles,</strong></span> 
     </span>
     <span class='ocr_line' id='line_1_31' title="bbox 116 2835 808 2914; baseline 0.003 -22"><span class='ocrx_word' id='word_1_182' title='bbox 116 2835 144 2894; x_wconf 90' lang='lat' dir='ltr'><strong>llt</strong></span> <span class='ocrx_word' id='word_1_183' title='bbox 155 2839 283 2914; x_wconf 87' lang='lat' dir='ltr'><strong>phaleris</strong></span> <span class='ocrx_word' id='word_1_184' title='bbox 296 2839 431 2914; x_wconf 85' lang='lat' dir='ltr'><strong>gauderet</strong></span> <span class='ocrx_word' id='word_1_185' title='bbox 444 2848 540 2914; x_wconf 86' lang='lat' dir='ltr'><strong>equus,</strong></span> <span class='ocrx_word' id='word_1_186' title='bbox 555 2838 707 2912; x_wconf 83' lang='lat' dir='ltr'><strong>caelataque</strong></span> <span class='ocrx_word' id='word_1_187' title='bbox 722 2837 808 2894; x_wconf 89' lang='lat' dir='ltr'><strong>cassis</strong></span> 
     </span>
     <span class='ocr_line' id='line_1_32' title="bbox 110 2915 807 2991; baseline -0.003 -15"><span class='ocrx_word' id='word_1_188' title='bbox 110 2915 257 2976; x_wconf 82' lang='lat' dir='ltr'><strong>Ronruleae</strong></span> <span class='ocrx_word' id='word_1_189' title='bbox 273 2917 423 2974; x_wconf 89' lang='lat' dir='ltr'><strong>simulacra</strong></span> <span class='ocrx_word' id='word_1_190' title='bbox 436 2917 502 2974; x_wconf 79' lang='lat' dir='ltr'><strong>fera</strong></span> <span class='ocrx_word' id='word_1_191' title='bbox 517 2935 712 2973; x_wconf 87' lang='lat' dir='ltr'><strong>mansuescere</strong></span> <span class='ocrx_word' id='word_1_192' title='bbox 724 2916 807 2991; x_wconf 85' lang='lat' dir='ltr'><strong>jussae</strong></span> 
     </span>
     <span class='ocr_line' id='line_1_33' title="bbox 108 2995 755 3074; baseline -0.006 -19"><span class='ocrx_word' id='word_1_193' title='bbox 108 2995 223 3074; x_wconf 84' lang='lat' dir='ltr'><strong>Imperii</strong></span> <span class='ocrx_word' id='word_1_194' title='bbox 238 2997 305 3066; x_wconf 82' lang='lat' dir='ltr'><strong>sato,</strong></span> <span class='ocrx_word' id='word_1_195' title='bbox 319 2997 445 3072; x_wconf 89' lang='lat' dir='ltr'><strong>geminos</strong></span> <span class='ocrx_word' id='word_1_196' title='bbox 459 2996 512 3051; x_wconf 89' lang='lat' dir='ltr'><strong>sub</strong></span> <span class='ocrx_word' id='word_1_197' title='bbox 526 3013 594 3070; x_wconf 87' lang='lat' dir='ltr'><strong>rupe</strong></span> <span class='ocrx_word' id='word_1_198' title='bbox 608 2995 755 3066; x_wconf 74' lang='lat' dir='ltr'><strong>Quirinos,</strong></span> 
     </span>
    </p>

    <p class='ocr_par' dir='ltr' id='par_1_13' title="bbox 106 3073 808 3387">
     <span class='ocr_line' id='line_1_34' title="bbox 107 3073 808 3150; baseline -0.007 -15"><span class='ocrx_word' id='word_1_199' title='bbox 107 3077 151 3135; x_wconf 84' lang='lat' dir='ltr'><strong>Ac</strong></span> <span class='ocrx_word' id='word_1_200' title='bbox 165 3077 273 3134; x_wconf 89' lang='lat' dir='ltr'><strong>nudam</strong></span> <span class='ocrx_word' id='word_1_201' title='bbox 289 3075 409 3150; x_wconf 87' lang='lat' dir='ltr'><strong>effigiem</strong></span> <span class='ocrx_word' id='word_1_202' title='bbox 424 3075 521 3148; x_wconf 83' lang='lat' dir='ltr'><strong>clypeo</strong></span> <span class='ocrx_word' id='word_1_203' title='bbox 535 3074 672 3128; x_wconf 89' lang='lat' dir='ltr'><strong>venientis</strong></span> <span class='ocrx_word' id='word_1_204' title='bbox 686 3085 714 3128; x_wconf 92' lang='lat' dir='ltr'><strong>et</strong></span> <span class='ocrx_word' id='word_1_205' title='bbox 729 3073 808 3130; x_wconf 64' lang='lat' dir='ltr'><strong>hasti</strong></span> 
     </span>
     <span class='ocr_line' id='line_1_35' title="bbox 106 3151 793 3229; baseline -0.012 -17"><span class='ocrx_word' id='word_1_206' title='bbox 106 3155 317 3229; x_wconf 85' lang='lat' dir='ltr'><strong>Pendentisquc</strong></span> <span class='ocrx_word' id='word_1_207' title='bbox 331 3153 386 3225; x_wconf 85' lang='lat' dir='ltr'><strong>dei,</strong></span> <span class='ocrx_word' id='word_1_208' title='bbox 400 3152 522 3228; x_wconf 87' lang='lat' dir='ltr'><strong>perituro</strong></span> <span class='ocrx_word' id='word_1_209' title='bbox 536 3152 702 3217; x_wconf 73' lang='lat' dir='ltr'><strong>ostenderet,</strong></span> <span class='ocrx_word' id='word_1_210' title='bbox 712 3151 793 3205; x_wconf 86' lang='lat' dir='ltr'><strong>hosti.</strong></span> 
     </span>
     <span class='ocr_line' id='line_1_36' title="bbox 106 3227 767 3312; baseline -0.015 -18"><span class='ocrx_word' id='word_1_211' title='bbox 106 3235 230 3312; x_wconf 85' lang='lat' dir='ltr'><strong>Argenti</strong></span> <span class='ocrx_word' id='word_1_212' title='bbox 241 3234 314 3308; x_wconf 91' lang='lat' dir='ltr'><strong>quod</strong></span> <span class='ocrx_word' id='word_1_213' title='bbox 329 3244 397 3302; x_wconf 92' lang='lat' dir='ltr'><strong>erat,</strong></span> <span class='ocrx_word' id='word_1_214' title='bbox 411 3230 477 3288; x_wconf 86' lang='lat' dir='ltr'><strong>solis</strong></span> <span class='ocrx_word' id='word_1_215' title='bbox 492 3229 616 3302; x_wconf 82' lang='lat' dir='ltr'><strong>fulgebat</strong></span> <span class='ocrx_word' id='word_1_216' title='bbox 630 3227 658 3284; x_wconf 91' lang='lat' dir='ltr'><strong>in</strong></span> <span class='ocrx_word' id='word_1_217' title='bbox 673 3227 767 3284; x_wconf 87' lang='lat' dir='ltr'><strong>armis.</strong></span> 
     </span>
     <span class='ocr_line' id='line_1_37' title="bbox 106 3307 689 3387; baseline -0.015 -17"><span class='ocrx_word' id='word_1_218' title='bbox 106 3313 258 3372; x_wconf 85' lang='lat' dir='ltr'><strong>Ponebant</strong></span> <span class='ocrx_word' id='word_1_219' title='bbox 269 3313 352 3387; x_wconf 88' lang='lat' dir='ltr'><strong>igitur</strong></span> <span class='ocrx_word' id='word_1_220' title='bbox 367 3310 466 3367; x_wconf 90' lang='lat' dir='ltr'><strong>Tusco</strong></span> <span class='ocrx_word' id='word_1_221' title='bbox 480 3307 581 3380; x_wconf 82' lang='lat' dir='ltr'><strong>farrata</strong></span> <span class='ocrx_word' id='word_1_222' title='bbox 595 3307 689 3363; x_wconf 90' lang='lat' dir='ltr'><strong>catino</strong></span> 
     </span>
    </p>

    <p class='ocr_par' dir='ltr' id='par_1_14' title="bbox 105 3385 810 3465">
     <span class='ocr_line' id='line_1_38' title="bbox 105 3385 810 3465; baseline -0.011 -15"><span class='ocrx_word' id='word_1_223' title='bbox 105 3392 214 3450; x_wconf 89' lang='lat' dir='ltr'><strong>Omnia</strong></span> <span class='ocrx_word' id='word_1_224' title='bbox 228 3403 307 3462; x_wconf 90' lang='lat' dir='ltr'><strong>tunc,</strong></span> <span class='ocrx_word' id='word_1_225' title='bbox 321 3389 420 3465; x_wconf 89' lang='lat' dir='ltr'><strong>quibus</strong></span> <span class='ocrx_word' id='word_1_226' title='bbox 435 3388 568 3456; x_wconf 66' lang='lat' dir='ltr'><strong>invideas</strong></span> <span class='ocrx_word' id='word_1_227' title='bbox 584 3385 607 3442; x_wconf 89' lang='lat' dir='ltr'><strong>si</strong></span> <span class='ocrx_word' id='word_1_228' title='bbox 621 3385 750 3442; x_wconf 90' lang='lat' dir='ltr'><strong>lividulus</strong></span> <span class='ocrx_word' id='word_1_229' title='bbox 765 3385 810 3442; x_wconf 87' lang='lat' dir='ltr'><strong>sis.</strong></span> 
     </span>
    </p>
   </div>
   <div class='ocr_carea' id='block_1_5' title="bbox 14 3461 848 3546">
    <p class='ocr_par' dir='ltr' id='par_1_15' title="bbox 14 3461 848 3546">
     <span class='ocr_line' id='line_1_39' title="bbox 14 3461 848 3546; baseline -0.01 -17"><span class='ocrx_word' id='word_1_230' title='bbox 14 3461 16 3480; x_wconf 65' lang='grc'>’</span> <span class='ocrx_word' id='word_1_231' title='bbox 105 3471 295 3546; x_wconf 88' lang='lat' dir='ltr'><strong>Templornm</strong></span> <span class='ocrx_word' id='word_1_232' title='bbox 309 3485 418 3543; x_wconf 89' lang='lat' dir='ltr'><strong>quoque</strong></span> <span class='ocrx_word' id='word_1_233' title='bbox 430 3467 559 3542; x_wconf 87' lang='lat' dir='ltr'><strong>majestas</strong></span> <span class='ocrx_word' id='word_1_234' title='bbox 573 3465 743 3540; x_wconf 72' lang='lat' dir='ltr'><strong>presentior,</strong></span> <span class='ocrx_word' id='word_1_235' title='bbox 755 3476 783 3522; x_wconf 88' lang='lat' dir='ltr'><strong>et</strong></span> <span class='ocrx_word' id='word_1_236' title='bbox 796 3484 848 3521; x_wconf 83' lang='lat' dir='ltr'><strong>vox</strong></span> 
     </span>
    </p>
   </div>
   <div class='ocr_carea' id='block_1_6' title="bbox 106 3544 930 3620">
    <p class='ocr_par' dir='ltr' id='par_1_16' title="bbox 106 3544 930 3620">
     <span class='ocr_line' id='line_1_40' title="bbox 106 3544 930 3620; baseline -0.011 -12"><span class='ocrx_word' id='word_1_237' title='bbox 106 3549 203 3608; x_wconf 85' lang='lat' dir='ltr'><strong>Nocte</strong></span> <span class='ocrx_word' id='word_1_238' title='bbox 217 3547 276 3606; x_wconf 71' lang='lat' dir='ltr'><strong>ferri</strong></span> <span class='ocrx_word' id='word_1_239' title='bbox 290 3547 393 3618; x_wconf 71' lang='lat' dir='ltr'><strong>media,</strong></span> <span class='ocrx_word' id='word_1_240' title='bbox 408 3547 583 3620; x_wconf 88' lang='lat' dir='ltr'><strong>mediamque</strong></span> <span class='ocrx_word' id='word_1_241' title='bbox 598 3545 693 3601; x_wconf 87' lang='lat' dir='ltr'><strong>audita</strong></span> <span class='ocrx_word' id='word_1_242' title='bbox 706 3563 755 3620; x_wconf 93' lang='lat' dir='ltr'><strong>per</strong></span> <span class='ocrx_word' id='word_1_243' title='bbox 772 3544 885 3614; x_wconf 90' lang='lat' dir='ltr'><strong>Urbem,</strong></span> <span class='ocrx_word' id='word_1_244' title='bbox 927 3562 930 3572; x_wconf 72' lang='lat'>¹</span> 
     </span>
    </p>
   </div>
   <div class='ocr_carea' id='block_1_7' title="bbox 14 3623 788 3696">
    <p class='ocr_par' dir='ltr' id='par_1_17' title="bbox 14 3623 788 3696">
     <span class='ocr_line' id='line_1_41' title="bbox 14 3623 788 3696; baseline -0.012 -7"><span class='ocrx_word' id='word_1_245' title='bbox 14 3629 15 3632; x_wconf 58' lang='grc'>’</span> <span class='ocrx_word' id='word_1_246' title='bbox 107 3629 217 3688; x_wconf 80' lang='lat' dir='ltr'><strong>Littore</strong></span> <span class='ocrx_word' id='word_1_247' title='bbox 233 3629 268 3686; x_wconf 88' lang='lat' dir='ltr'><strong>ab</strong></span> <span class='ocrx_word' id='word_1_248' title='bbox 281 3626 391 3686; x_wconf 88' lang='lat' dir='ltr'><strong>Oceani</strong></span> <span class='ocrx_word' id='word_1_249' title='bbox 402 3625 491 3682; x_wconf 91' lang='lat' dir='ltr'><strong>Gallis</strong></span> <span class='ocrx_word' id='word_1_250' title='bbox 505 3625 691 3696; x_wconf 83' lang='lat' dir='ltr'><strong>venientibus,</strong></span> <span class='ocrx_word' id='word_1_251' title='bbox 706 3633 734 3680; x_wconf 89' lang='lat' dir='ltr'><strong>et</strong></span> <span class='ocrx_word' id='word_1_252' title='bbox 745 3623 788 3680; x_wconf 87' lang='lat' dir='ltr'><strong>dis</strong></span> 
     </span>
    </p>
   </div>
   <div class='ocr_carea' id='block_1_8' title="bbox 106 3703 807 4015">
    <p class='ocr_par' dir='ltr' id='par_1_18' title="bbox 106 3703 807 3937">
     <span class='ocr_line' id='line_1_42' title="bbox 106 3703 807 3780; baseline -0.01 -15"><span class='ocrx_word' id='word_1_253' title='bbox 106 3707 246 3766; x_wconf 89' lang='lat' dir='ltr'><strong>Officium</strong></span> <span class='ocrx_word' id='word_1_254' title='bbox 261 3707 330 3764; x_wconf 86' lang='lat' dir='ltr'><strong>vatis</strong></span> <span class='ocrx_word' id='word_1_255' title='bbox 343 3704 551 3780; x_wconf 87' lang='lat' dir='ltr'><strong>peragentibus,</strong></span> <span class='ocrx_word' id='word_1_256' title='bbox 567 3703 610 3759; x_wconf 91' lang='lat' dir='ltr'><strong>bis</strong></span> <span class='ocrx_word' id='word_1_257' title='bbox 624 3703 733 3759; x_wconf 89' lang='lat' dir='ltr'><strong>monuit</strong></span> <span class='ocrx_word' id='word_1_258' title='bbox 747 3721 807 3759; x_wconf 77' lang='lat' dir='ltr'><strong>noa.</strong></span> 
     </span>
     <span class='ocr_line' id='line_1_43' title="bbox 108 3781 771 3858; baseline -0.011 -13"><span class='ocrx_word' id='word_1_259' title='bbox 108 3786 197 3845; x_wconf 93' lang='lat' dir='ltr'><strong>Hanc</strong></span> <span class='ocrx_word' id='word_1_260' title='bbox 210 3787 294 3844; x_wconf 88' lang='lat' dir='ltr'><strong>rebus</strong></span> <span class='ocrx_word' id='word_1_261' title='bbox 309 3784 396 3842; x_wconf 90' lang='lat' dir='ltr'><strong>Latiis</strong></span> <span class='ocrx_word' id='word_1_262' title='bbox 410 3801 506 3838; x_wconf 90' lang='lat' dir='ltr'><strong>curam</strong></span> <span class='ocrx_word' id='word_1_263' title='bbox 521 3791 650 3858; x_wconf 75' lang='lat' dir='ltr'><strong>praestare</strong></span> <span class='ocrx_word' id='word_1_264' title='bbox 665 3781 771 3839; x_wconf 88' lang='lat' dir='ltr'><strong>solebat</strong></span> 
     </span>
     <span class='ocr_line' id='line_1_44' title="bbox 108 3861 695 3937; baseline -0.007 -15"><span class='ocrx_word' id='word_1_265' title='bbox 108 3865 221 3924; x_wconf 86' lang='lat' dir='ltr'><strong>Fictilis</strong></span> <span class='ocrx_word' id='word_1_266' title='bbox 234 3879 263 3922; x_wconf 88' lang='lat' dir='ltr'><strong>et</strong></span> <span class='ocrx_word' id='word_1_267' title='bbox 276 3865 352 3920; x_wconf 92' lang='lat' dir='ltr'><strong>nullo</strong></span> <span class='ocrx_word' id='word_1_268' title='bbox 368 3862 483 3918; x_wconf 85' lang='lat' dir='ltr'><strong>violatus</strong></span> <span class='ocrx_word' id='word_1_269' title='bbox 495 3861 605 3937; x_wconf 91' lang='lat' dir='ltr'><strong>Jupiter</strong></span> <span class='ocrx_word' id='word_1_270' title='bbox 619 3879 695 3918; x_wconf 85' lang='lat' dir='ltr'><strong>auro.</strong></span> 
     </span>
    </p>

    <p class='ocr_par' dir='ltr' id='par_1_19' title="bbox 110 3941 797 4015">
     <span class='ocr_line' id='line_1_45' title="bbox 110 3941 797 4015; baseline -0.015 -10"><span class='ocrx_word' id='word_1_271' title='bbox 110 3943 165 4004; x_wconf 88' lang='lat' dir='ltr'><strong>Illa</strong></span> <span class='ocrx_word' id='word_1_272' title='bbox 178 3945 255 4003; x_wconf 92' lang='lat' dir='ltr'><strong>domi</strong></span> <span class='ocrx_word' id='word_1_273' title='bbox 267 3955 348 4000; x_wconf 84' lang='lat' dir='ltr'><strong>natas</strong></span> <span class='ocrx_word' id='word_1_274' title='bbox 361 3943 510 4015; x_wconf 72' lang='lat' dir='ltr'><strong>nostraque</strong></span> <span class='ocrx_word' id='word_1_275' title='bbox 524 3961 560 3998; x_wconf 84' lang='lat' dir='ltr'><strong>ex</strong></span> <span class='ocrx_word' id='word_1_276' title='bbox 573 3941 670 3998; x_wconf 86' lang='lat' dir='ltr'><strong>arbore</strong></span> <span class='ocrx_word' id='word_1_277' title='bbox 684 3957 797 3996; x_wconf 84' lang='lat' dir='ltr'><strong>mensas</strong></span> 
     </span>
    </p>
   </div>
   <div class='ocr_carea' id='block_1_9' title="bbox 0 0 1342 4430">
    <p class='ocr_par' dir='ltr' id='par_1_20' title="bbox 0 0 1342 4430">
     <span class='ocr_line' id='line_1_46' title="bbox 0 0 1342 4430; baseline 0 0"><span class='ocrx_word' id='word_1_278' title='bbox 0 0 1342 4430; x_wconf 95' lang='lat' dir='ltr'><strong> </strong></span> 
     </span>
    </p>
   </div>
  </div>
 </body>
</html>
