2628 4430
495 358 618 410 SATth
635 359 680 410 Vl.

93 504 246 576 Pastores,
261 516 291 562 et
303 523 384 562 ovem
399 504 583 577 Canusinam,
598 503 743 579 ulmosque
757 503 900 562 Falernus

92 583 288 645 Quantulum
301 585 330 641 in
344 585 419 642 hocl
440 603 542 660 pueros
553 603 661 654 omnes,
675 585 816 658 ergastula
828 595 896 656 tota,

85 663 249 739 ,Quodque
264 665 338 722 domi
352 684 409 720 nou
423 675 474 735 est,
489 679 517 721 et
530 665 615 720 habet
627 664 746 734 vicinus,
759 676 877 722 ematur.
1030 663 1103 724 115‘

13 745 14 750 ’
94 743 208 800 Mense
223 743 337 818 quidem
352 744 467 814 brume,
477 762 532 818 quc
543 743 602 818 jam
615 755 752 800 mercator
767 743 850 802 lason

95 823 239 894 Clausus,
253 833 281 880 et
296 823 409 880 armatis
421 823 513 880 obstat
526 841 594 880 casa
607 823 728 880 candida
741 823 845 892 nautis,

94 901 234 958 Grandia
248 902 383 958 tolluntur
397 901 567 976 crystallina,
582 901 705 958 maxima
717 919 813 958 rursus

96 979 267 1052 Murrhiua,
281 980 384 1038 deinde
400 981 513 1038 adamas
526 981 698 1052 notissimus,
712 991 741 1038 et
754 980 906 1040 Beronices

97 1059 135 1116 In
151 1059 244 1134 digito
258 1060 353 1116 factus
364 1060 529 1136 pretiosior:
550 1061 628 1118 hunc
642 1059 719 1118 dedit
731 1060 799 1124 olim
1029 1059 1086 1122 120

98 1139 247 1196 Barbarus
261 1138 386 1210 incesta,
401 1139 478 1198 dedit
492 1140 569 1196 hunc
584 1141 711 1215 Agrippa
721 1136 820 1211 sorori,

98 1219 267 1276 Observant
280 1217 329 1274 ubi
344 1218 413 1275 leste
426 1236 504 1276 mero
517 1219 589 1294 pede
603 1220 719 1276 sabbata
732 1237 894 1294 reges,‚„a
908 1261 935 1299 t„
971 1266 995 1280 ,,
1038 1231 1075 1301 ‘a
1126 1211 1133 1282 ,¹

98 1297 142 1354 Et
154 1309 237 1354 vetus
250 1297 378 1372 indulget
391 1298 507 1357 senibus
520 1297 669 1356 clementia
683 1299 782 1373 porcis.
936 1333 942 1355 t
1013 1294 1073 1362 of
1104 1296 1157 1324 *¹*
1221 1336 1226 1353 Ι

143 1375 271 1434 Nullane
285 1377 321 1434 de
334 1377 419 1434 tantis
432 1376 566 1453 gregibus
579 1377 630 1434 tibi
644 1377 731 1453 digna
745 1378 874 1435 videturl
910 1411 916 1420 ·
1119 1374 1178 1462 'pst

102 1455 150 1512 Sit
164 1456 296 1526 formosa,
311 1455 425 1528 decens,
439 1457 526 1526 dives,
542 1456 685 1528 foecunda,
698 1469 821 1516 vetustos
1028 1455 1086 1514 125

103 1533 267 1612 Porticibns
281 1534 410 1608 disponat
423 1555 498 1606 avos,
512 1536 642 1594 intactior
655 1536 734 1594 omui

103 1613 241 1670 Crinibus
255 1613 353 1670 effusis
368 1614 471 1670 bellurn
484 1615 633 1672 dirimente
648 1615 771 1674 Sabina:

108 1691 202 1768 (Rara
215 1693 274 1750 avis
288 1691 317 1750 in
332 1693 412 1750 terris
424 1695 561 1769 nigroque
574 1693 718 1750 simillima
730 1694 834 1774 cycno)

104 1771 182 1833 Quis
196 1772 266 1828 feret
279 1789 405 1843 uxorem,
419 1773 467 1828 cui
481 1782 611 1830 constant
624 1773 746 1836 omnini·
761 1772 849 1847 Malo,

106 1850 185 1908 Malo
198 1851 385 1924 Venusinam,
397 1849 482 1926 quim
496 1863 532 1922 te,
549 1851 690 1924 Cornelia,
704 1864 792 1912 mater
1029 1853 1086 1912 130

105 1931 310 2002 Gracchorum,
326 1930 350 1986 si
364 1949 429 1987 curn
443 1931 554 2008 magnis
567 1932 716 1988 virtutibus
730 1933 812 1992 affers
875 1996 876 2004 ,
988 1995 993 2008 ,

106 2011 221 2068 Grande
236 2009 428 2085 supercilium,
442 2021 470 2066 et
484 2029 617 2068 numeras
631 2011 660 2068 in
674 2012 740 2068 dote
754 2013 918 2087 triumphos.

107 2089 191 2148 Tolle
205 2099 296 2160 tuum,
310 2108 418 2164 precor,
433 2089 635 2162 Hannibalem,
649 2090 810 2166 victumque
825 2091 985 2166 Syphacem

107 2167 139 2226 In
155 2168 266 2240 castris,
281 2177 310 2224 et
324 2186 390 2223 cum
403 2169 461 2225 toti
475 2169 649 2243 Carthagine
663 2169 759 2246 migra.

144 2247 245 2319 Parce,
258 2265 367 2322 precor,
381 2246 476 2316 Paean,
492 2259 520 2304 et
533 2259 574 2318 tu,
588 2247 660 2318 Dea,
674 2267 747 2322 pone
760 2247 896 2323 sagittas;
1030 2247 1086 2306 lat

108 2325 155 2384 Nil
169 2326 251 2402 pueri
267 2326 383 2398 faciunt,
398 2325 486 2402 ipsum
501 2327 634 2403 configite
647 2328 781 2384 matrem!

111 2406 251 2482 Amphion
266 2405 384 2462 clamat<
406 2405 456 2462 sed
470 2404 556 2464 Paean
571 2407 711 2464 contrahit
726 2425 831 2464 arcum.

111 2485 216 2543 Extulit
229 2481 299 2560 ergo
313 2503 414 2560 greges
424 2495 563 2556 natorum,
575 2485 721 2560 ipsumque
735 2498 890 2560 parentem,

115 2563 181 2622 uum
196 2564 252 2622 sibi
266 2563 385 2620 nobilio?
399 2563 516 2620 Latonae
529 2576 612 2638 gente
626 2563 745 2634 videtur,

118 2644 202 2720 Atque
215 2643 316 2700 eadem
331 2641 423 2699 scroti
437 2641 530 2699 Niobe
545 2641 701 2700 foecundior
716 2642 788 2699 alba.
1031 2642 1087 2704 140

116 2723 180 2784 Qua
194 2722 269 2780 tanti
282 2721 414 2798 gravitas,
429 2739 491 2796 quae
506 2721 604 2793 forma,
619 2733 649 2778 ut
662 2741 693 2778 se
706 2722 756 2780 tibi
771 2740 881 2799 semper

114 2800 256 2878 imputetl
286 2799 381 2876 Hujus
394 2801 471 2858 enim
485 2801 541 2858 rari
554 2802 712 2878 summique
724 2802 851 2878 voluptas

13 2923 16 2940 .
113 2881 195 2939 Nulla
210 2880 285 2951 boni,
299 2879 408 2954 quoties
422 2881 516 2938 auimo
529 2893 660 2958 corrupta
673 2883 793 2958 superbo

111 2960 174 3018 Plus
188 2960 276 3030 aloes,
291 2957 376 3034 quam
391 2959 490 3031 mellic,
506 2960 597 3018 habet.
638 2961 714 3022 Quis
728 2963 840 3018 deditus
855 2975 949 3020 autem

112 3040 202 3116 Usque
217 3036 289 3095 adeo
304 3050 355 3110 est,
369 3049 401 3096 ut
415 3058 471 3096 non
486 3039 572 3110 illam,
586 3058 670 3114 quarn
683 3041 816 3098 laudibus
829 3042 919 3112 effert,
1030 3041 1086 3098 145

13 3179 14 3198 ,
113 3118 240 3189 Horreat,
254 3118 339 3192 inque
353 3117 399 3174 die
413 3117 535 3192 septenis
548 3119 638 3174 oderit
651 3118 746 3174 horisl
843 3171 845 3178 ,

147 3198 290 3259 Quadam
303 3215 389 3271 parva
401 3194 525 3270 quidem,
540 3196 589 3251 sed
603 3215 660 3254 non
674 3195 820 3252 toleranda
832 3197 949 3254 maritis.

13 3349 14 3352 Ἴ
114 3275 266 3352 Numquid
280 3275 434 3346 remidius,
448 3269 532 3349 quim
546 3270 622 3348 qubd
637 3293 667 3330 se
681 3293 740 3330 nou
751 3283 832 3348 putat
845 3275 903 3331 ulla

13 3359 14 3362 ’
113 3355 284 3426 Formosam,
298 3354 428 3428 nisique
443 3355 478 3410 de
492 3351 592 3410 Tusca
606 3353 738 3412 Graecula
752 3353 826 3410 facta
840 3355 903 3412 estl

115 3436 156 3495 De
170 3434 351 3493 Sulmonensi
364 3451 442 3490 mere
455 3433 611 3508 Cecropisl
651 3433 758 3493 Omnia
771 3431 883 3506 Gracc,
1032 3434 1088 3492 150

114 3517 211 3578 Quum
225 3513 260 3571 sit
273 3525 354 3588 turpe
368 3510 460 3587 magis
473 3513 575 3569 nostris
588 3513 698 3570 nescire
712 3510 823 3570 Latine.

116 3595 176 3652 Hoc
190 3611 320 3651 sermone
334 3603 446 3668 pavent,
461 3592 515 3648 hoc
529 3591 611 3663 iram,
626 3593 741 3668 gaudia,
757 3611 856 3664 curas,

17 3698 21 3707 ·
116 3673 177 3731 Hoc
190 3684 294 3730 cuncta
307 3671 456 3729 effundunt
466 3671 556 3728 animi
569 3682 694 3730 secreta:
713 3672 780 3746 quid
793 3671 926 3732 ultrat-

153 3751 183 3810 si
196 3751 248 3810 tibi
261 3749 394 3828 legitimis
404 3761 517 3824 pactum
527 3751 712 3827 junctamque
724 3751 834 3808 tabellis

25 3900 30 3911 Ι
117 3831 179 3890 Nou
192 3851 223 3889 es
237 3841 389 3900 amaturus,
404 3829 527 3886 ducendi
542 3830 620 3888 nulla
633 3831 743 3888 videtur
1031 3832 1087 3891 155

18 3946 20 3965 r
118 3911 208 3970 Causa
216 3930 223 3981 ;
245 3929 299 3968 nec
313 3921 364 3980 est,
378 3924 464 3984 quare
477 3927 588 3966 coenam
602 3921 631 3968 et
641 3920 789 3970 rmustacea
801 3911 912 3988 perdas,
