2646 4416
215 341 257 406 84
530 344 562 394 D.
578 342 676 396 Juuu
691 341 886 397 anteusus

215 485 294 547 Hinc
305 486 433 563 jejunum
447 488 552 548 odium.
593 487 652 546 Sed
664 485 756 562 jurgia
767 485 859 561 prima
869 501 970 545 sonam

216 564 361 642 Incipiunt
375 565 476 624 animis
490 567 669 624 ardentibus:
691 566 753 622 haec
766 565 833 622 tuba
846 564 922 622 rixae.
1005 601 1008 612 ·

215 643 290 702 Dein
305 645 427 702 clamore
440 646 500 722 pari
515 646 700 716 concurritur,
712 655 740 702 et
754 644 815 702 vice
829 641 878 702 teli

215 723 301 782 Saevit
315 725 392 782 nuda
406 744 521 784 manus:
542 744 640 800 paucae
656 725 716 782 sine
731 723 844 782 vulnere
858 722 954 780 malae:

216 803 271 860 Vix
286 804 418 880 cuiquam
432 815 480 862 aut
493 805 566 872 nulli
577 815 635 864 toto
649 803 803 860 certamine
816 821 902 858 nasus

215 879 339 958 Integer.
381 883 553 959 Adspiceres
564 883 622 958 jam
637 894 742 940 cuncta
754 901 803 958 per
817 881 932 956 agmina
944 879 1037 939 vultus

215 959 366 1034 Dimidios,
381 961 450 1023 alies
464 961 560 1033 facies,
574 973 602 1020 et
616 962 723 1021 hiantia
736 960 823 1036 ruptis
874 1003 876 1010 .
904 1021 906 1028 ,

214 1039 289 1097 Ossa
302 1039 394 1116 gerris,
407 1040 506 1116 plenos
518 1042 665 1102 oculorum
680 1039 818 1116 sanguine
831 1057 949 1115 pugnos.

214 1117 327 1178 Ludere
341 1139 371 1178 se
385 1121 506 1180 credunt
520 1121 572 1196 ipsi
587 1132 693 1191 tamen,
707 1131 735 1176 et
748 1118 870 1194 pueriles

214 1197 355 1256 Exercere
370 1199 455 1270 acies,
469 1197 544 1274 quod
560 1199 639 1258 nulla
653 1199 790 1258 cadavera
803 1197 924 1258 calcent.

166 1275 167 1282 '
215 1275 252 1336 Et
264 1273 334 1336 sane
349 1275 404 1354 qub
419 1287 459 1336 tot
473 1277 589 1336 rixantis
604 1277 691 1336 millia
705 1277 808 1348 turbae‚·
844 1279 846 1295 ¹
871 1321 875 1332 .

215 1355 247 1412 Si
261 1358 358 1416 vivunt
369 1359 487 1415 omnesl
521 1355 597 1432 Ergb
612 1357 703 1414 acrior
718 1357 849 1431 impetus,
862 1366 892 1414 et
902 1355 962 1431 jam

215 1435 291 1493 Saxa
304 1435 447 1494 inclinatis
459 1455 508 1513 per
523 1437 639 1494 humum
654 1436 770 1510 quaesita
784 1434 896 1492 lacertis

215 1513 362 1590 Incipiunt
374 1527 512 1590 torquere,
527 1515 681 1574 domestica
694 1513 823 1572 seditioni

215 1590 300 1664 Tela3
322 1614 377 1652 nec
391 1595 467 1652 hunc
480 1594 611 1671 lapidem,
622 1594 718 1670 quales
732 1604 760 1652 et
774 1593 899 1663 Turnus,
912 1601 942 1650 et
954 1589 1039 1668 Aiax,
1157 1591 1199 1650 65

215 1673 269 1732 Vel
282 1693 338 1749 quo
353 1673 481 1749 Tydides
494 1675 634 1750 percussit
646 1673 770 1749 pondere
784 1690 883 1730 coxam
1188 1689 1195 1703 ·

215 1751 332 1822 AEneae3
354 1753 404 1811 sed
417 1773 501 1827 quem
513 1753 625 1812 valeant
637 1754 766 1812 emittere
781 1752 894 1823 dextrae,
1086 1790 1089 1799 ·
1190 1784 1197 1813 r

215 1829 274 1888 Illis
288 1831 438 1888 dissimiles
451 1843 480 1888 et
494 1844 588 1890 nostro
601 1842 726 1907 tempore
740 1841 821 1888 natae.

213 1908 290 1967 Nam
304 1929 394 1986 genus
408 1911 461 1970 boc
475 1911 535 1968 vivo
545 1910 604 1986 jam
618 1910 799 1968 decrescebat
814 1907 947 1966 Homero.

214 1987 307 2046 Terra
320 1989 407 2046 malos
421 1988 548 2047 homines
562 2009 639 2060 nunc
652 1990 754 2046 educat
768 1999 850 2062 atque
864 1986 987 2062 pusillos.
1158 1985 1197 2048 7⁰

214 2063 291 2143 Ergo
306 2069 384 2138 deus,
398 2068 559 2144 quicunque
573 2068 710 2144 adspexit,
725 2067 807 2138 ridet,
821 2079 850 2125 ct
862 2065 932 2125 odit.

254 2145 458 2206 Adeverticulo
471 2159 612 2223 repetatur
628 2147 729 2206 sabula.
770 2145 922 2221 Postquam
1003 2175 1006 2190 ·

215 2225 355 2284 Subsidiis
368 2227 454 2297 aucti,
468 2247 532 2302 pars
546 2227 632 2288 altera
645 2245 773 2302 promere
788 2226 891 2284 serrum

215 2303 320 2378 Audet,
335 2317 364 2364 et
379 2306 487 2364 infestis
500 2326 624 2383 pugnam
639 2307 795 2365 instaurare
808 2304 932 2380 sagittis5

214 2383 312 2462 Terga
326 2385 398 2462 fugae
413 2386 499 2444 celeri
512 2385 709 2460 prestantibus
723 2385 855 2443 omnibus
869 2383 982 2454 instant,

213 2461 275 2527 Qui
290 2465 383 2523 vicina
393 2465 491 2526 colunt
506 2466 642 2524 umbrosa
657 2463 785 2537 Tentyra
797 2463 905 2538 palma.

154 2559 157 2568 ¹
215 2539 331 2602 Labitur
346 2545 413 2602 binc
426 2543 551 2619 quidam,
564 2543 653 2602 nimiis
666 2542 815 2600 formidine
831 2559 945 2600 cursum

213 2621 405 2699 Pracipitans,
420 2625 584 2699 capiturque
597 2643 602 2680 :
623 2634 666 2681 ast
679 2622 759 2680 illum
773 2623 802 2680 in
815 2621 936 2698 plurima
949 2631 1057 2678 sectum

213 2696 315 2758 Frusta
326 2717 353 2759 et
367 2703 526 2776 particulas,
541 2713 572 2758 ut
586 2703 683 2761 multis
694 2711 820 2758 mortuus
836 2719 910 2761 uuus

214 2778 372 2850 Sufficeret,
387 2793 476 2850 totum
490 2781 610 2838 corrosis
623 2779 732 2838 ossibus
745 2779 804 2836 edit
1086 2821 1107 2849 q
1155 2777 1196 2838 80

213 2856 322 2914 Victrix
337 2859 433 2916 turba:
455 2877 510 2915 nec
523 2859 636 2918 ardenti
652 2858 858 2928 decoritabno¹

213 2935 272 2992 Aut
288 2937 407 2994 verubus
415 2958 422 3006 ;
443 2936 558 3014 longum
572 2956 660 3012 usque
674 2933 745 2994 adeb
760 2936 927 3010 tardumque
938 2936 1044 3011 putarit

212 3013 383 3091 Exspectare
399 3017 484 3088 focos,
498 3027 630 3076 contenta
644 3017 779 3076 cadavere
794 3015 889 3075 crudo.

212 3093 281 3166 Hic,
295 3097 420 3172 gaudere
434 3095 511 3166 libet,
524 3093 600 3170 qubd
614 3115 672 3154 non
686 3094 829 3154 violaverit
843 3094 948 3169 ignem,

211 3171 308 3232 Quem
323 3177 433 3234 summai
447 3175 510 3232 coeli
526 3187 635 3252 raptum
649 3175 685 3232 de
698 3185 776 3250 parte
790 3173 973 3232 Prometheus

213 3249 335 3311 Donavit
349 3257 439 3312 terris.
480 3254 627 3312 Elemento
640 3253 774 3328 gratulor,
789 3263 818 3309 et
831 3263 859 3310 te

213 3327 362 3390 Exsultare
377 3352 445 3391 reor.
487 3334 545 3390 Sed
559 3335 606 3406 qui
622 3333 748 3390 mordere
762 3331 880 3390 cadaver

213 3411 364 3482 Sustinuit,
378 3413 416 3469 nil
432 3430 555 3485 unquam
571 3411 626 3470 hic
640 3429 725 3470 carne
738 3407 874 3468 libentius
886 3409 972 3466 edit·

213 3489 242 3548 N
245 3509 290 3549 arn
304 3491 410 3548 scelera
422 3493 453 3550 in
468 3503 545 3548 tanto
559 3509 596 3548 ne
609 3509 733 3564 queres,
742 3500 770 3548 et
783 3488 906 3558 dubites,
919 3507 956 3546 an

213 3569 310 3626 Prima
323 3569 491 3646 voluptatem
505 3569 571 3644 gula
585 3569 713 3628 senserit.
754 3567 876 3626 Ultimus
889 3578 994 3638 autem,

212 3647 273 3708 Qui
288 3648 364 3704 stetit
377 3648 523 3720 absumpto
534 3649 592 3722 jam
606 3658 664 3704 toto
678 3666 804 3722 corpore,
818 3645 911 3705 ductis

213 3725 268 3782 Per
281 3735 383 3784 terram
398 3724 502 3801 digitis,
516 3721 622 3800 aliquid¹
633 3727 670 3782 de
684 3725 822 3802 sanguine
833 3735 936 3802 gustat.

213 3804 368 3876 Vascones,
382 3805 444 3861 haec
458 3801 532 3862 fama
542 3817 594 3877 est,
608 3805 748 3864 alimentis
762 3804 863 3862 talibus
875 3803 943 3862 olim
1013 3799 1015 3806 ’

213 3880 374 3940 Produxdre
386 3883 511 3942 animas:
533 3885 582 3964 sed
597 3904 640 3942 res
654 3884 773 3956 diversa,
788 3883 837 3942 sed
851 3880 910 3942 illic
