2646 4416
542 349 664 408 1111111
682 349 714 408 t.
1061 355 1118 422 m

136 496 267 562 Luciferi
281 472 369 570 indis,
383 489 523 557 erelarnet
536 488 685 557 blelieerta
698 498 807 576 perisse

135 580 274 638 Frontem
288 579 323 635 de
338 579 430 635 rebus.
471 575 540 634 Tibi
553 589 632 634 re'eto
641 576 733 634 virere
746 577 804 634 talo

136 659 195 715 Ars
209 657 310 714 deditl
330 667 358 713 et
371 656 428 712 veri
443 651 568 729 speeiem
581 650 747 744 dignoscere
761 656 858 728 ealles,-
941 721 945 729 ¹
1062 653 1118 713 100

136 735 185 792 Ne
199 753 255 809 qua
270 733 409 790 suberato
422 734 589 790 mendosum
602 732 705 789 trnniat
718 735 808 790 aurol

133 812 271 886 Qaaeque
283 811 428 886 sequenda
441 811 542 878 forent,
553 821 582 866 et
595 827 658 884 quae
669 811 783 867 vitanda
796 810 920 868 rieissint

138 888 285 964 Illapriirs
298 889 386 958 oreti,
401 907 465 945 mox
479 888 540 944 haee
553 888 686 959 narbone,
700 889 824 946 notastil

138 967 181 1024 Es
194 967 323 1024 modicus
336 967 411 1022 votil
430 983 527 1040 presso
541 966 619 1022 larel
632 965 727 1022 duleis
736 965 856 1022 amieisl

139 1044 207 1102 Jarn
217 1063 295 1101 nune
305 1043 453 1118 astringas,
464 1042 523 1118 jam
537 1061 616 1100 nune
628 1039 760 1118 granaria
773 1038 873 1100 laxesl
1060 1039 1118 1102 110

139 1121 233 1196 Inque
248 1121 404 1178 lutosarum
416 1121 506 1195 possis
519 1120 734 1178 transscendere
749 1139 910 1193 nummum,

139 1199 207 1258 Nea
220 1201 310 1274 glutto
323 1199 435 1256 sorbere
449 1199 564 1255 salivam
578 1195 800 1255 Mercurialeml

181 1278 255 1334 Hes
269 1295 332 1333 mea
345 1286 420 1347 sunt,
433 1287 527 1346 teneo,
541 1293 627 1350 quum
642 1273 708 1333 rere
723 1273 837 1348 dixeris,
850 1285 913 1334 esto

139 1355 281 1430 Liberque
296 1361 330 1411 aa
343 1353 463 1430 sapiens,
478 1354 643 1430 praetoribus
653 1372 687 1411 ao
701 1353 771 1410 Jove
785 1354 892 1410 dextro,

140 1433 195 1490 Sin
209 1443 250 1504 tu,
264 1451 350 1507 quum
364 1431 449 1488 fueris
459 1443 561 1488 nostre
575 1429 659 1506 pauld
673 1428 740 1488 aute
755 1432 863 1504 farine,
1018 1449 1021 1456 ’
1063 1425 1119 1488 tlt

140 1511 308 1568 Pellieulam
321 1519 444 1566 veterent
457 1510 571 1579 retines,
584 1521 613 1567 et
626 1510 717 1568 fronte
730 1509 833 1584 politus

140 1591 274 1646 Astutanr
288 1587 389 1662 vapido
402 1605 495 1643 servas
507 1587 559 1644 sub
572 1597 686 1662 pectore
700 1587 810 1662 vulpem
823 1607 842 1644 :-

137 1666 217 1726 Quae
231 1666 365 1722 dederam
378 1662 472 1740 supra
483 1675 589 1739 repeto,
605 1665 756 1740 funemque
770 1666 883 1722 redum.

140 1743 191 1801 Nil
206 1743 257 1801 tibi
271 1743 411 1800 concessit
422 1742 510 1798 ratio:
530 1743 648 1816 digitum
663 1759 771 1812 exsere,
786 1761 896 1818 peneus.

140 1821 179 1878 Et
192 1821 259 1895 quid
272 1831 330 1876 tarn
343 1837 459 1895 parrum
472 1821 532 1876 esti
553 1820 602 1876 sed
616 1819 693 1877 nullo
706 1821 788 1876 thure
801 1821 902 1894 litabis,
1059 1823 1117 1882 1110

140 1899 258 1955 Haereat
274 1899 302 1954 in
317 1897 408 1954 stultis
422 1897 513 1954 brevis
527 1907 556 1953 ut
570 1899 717 1955 semuncia
731 1899 809 1956 reati.
908 1967 910 1970 Ι

138 1975 215 2034 neo
229 1977 348 2032 miscere
362 1975 459 2032 nefas:
481 1993 544 2046 neo,
558 1993 645 2050 quum
659 1976 697 2032 ais
711 1987 814 2033 cetera
828 1977 926 2048 fossor,

139 2053 217 2110 Tres
230 2051 340 2111 tantum
354 2054 389 2110 ad
403 2071 535 2110 numeros
549 2054 633 2128 satyri
647 2071 775 2110 moveare
790 2055 920 2129 Bathylli.

138 2131 245 2189 ‘Liber
258 2132 329 2207 ego!
371 2129 454 2188 Unde
468 2133 565 2188 datum
580 2133 633 2189 hoe
647 2132 744 2206 sumis,
758 2143 799 2188 tot
813 2133 924 2190 subdite
937 2133 1044 2192 rebusl

139 2211 190 2268 An
205 2209 350 2267 dominum
361 2208 482 2284 ignoras,
496 2209 551 2266 niel
565 2227 649 2283 quern
664 2209 788 2266 vindicta
802 2210 929 2267 relaxati
953 2260 958 2270 .
1059 2209 1116 2268 125

139 2287 184 2358 Ἰ,
197 2307 277 2362 puer,
291 2293 320 2344 e't
333 2287 452 2362 strigiles
466 2287 590 2362 Crispini
605 2287 640 2344 ad
656 2288 756 2349 balnea
770 2287 870 2344 delerz’
892 2295 895 2300 ’

137 2366 174 2422 Si
188 2365 337 2440 increpuit,
349 2371 356 2395 ‘
368 2375 462 2421 ees'sas
470 2375 589 2440 nugator
597 2367 617 2422 l’
639 2365 782 2422 servitium
796 2383 861 2422 aare

138 2443 188 2500 Te
202 2443 272 2500 nibil
287 2442 419 2518 impellit:
440 2444 661 2518 necquidquam
674 2444 850 2500 extrinsecus
863 2443 958 2514 intrat,

136 2521 228 2582 Quod
242 2539 342 2577 nervos
355 2520 458 2595 agitet:
478 2523 528 2577 sed
543 2522 566 2577 si
580 2523 656 2578 intus
669 2532 698 2578 et
712 2521 741 2576 in
753 2520 849 2595 jeeore
864 2539 940 2596 egro

139 2597 304 2655 Nascantur
318 2597 441 2654 domini:
461 2597 511 2672 qui
526 2609 556 2654 tu
568 2598 730 2673 impunitior
744 2617 814 2668 ears,
1060 2599 1117 2657 130
1154 2670 1157 2675 .
1228 2624 1231 2632 ·

139 2677 237 2750 Atque
251 2676 307 2746 bio,
321 2693 405 2750 quem
419 2676 455 2732 ad
468 2675 588 2750 strigiles
601 2676 710 2732 soutioa
724 2687 753 2734 et
766 2687 858 2733 metus
870 2676 930 2753 egit
943 2676 1058 2734 herilis?

181 2751 269 2810 Mane
282 2753 362 2827 piger
374 2753 482 2810 stertis:
505 2755 607 2830 Surge,
623 2755 714 2828 inquit
730 2753 862 2812 avaritia:
882 2755 927 2812 eia

139 2832 243 2906 Surge.
284 2830 397 2906 Negas:
418 2825 518 2889 instat:
539 2833 641 2907 Surge,
656 2833 754 2908 inquit.
785 2833 872 2890 ‘Non
885 2834 977 2910 queo!
1000 2834 1103 2912 Surge.

110 2931 115 2936 ·
139 2908 198 2965 ‘Et
211 2908 278 2982 quid
292 2909 402 2983 agaurl’
444 2907 584 2986 Rogitasl
605 2911 737 2986 saperdas
750 2911 857 2968 advehe
870 2909 971 2984 Ponto,

138 2985 319 3057 castoreum,
333 2997 456 3062 stuppas,
469 2988 604 3058 ebenum,
618 2990 693 3058 thur,
708 2989 817 3044 lubrioa
830 2989 899 3045 Coa.
1060 2989 1117 3068 185
1216 2983 1221 2994 ’

138 3063 225 3121 Tolle
239 3081 340 3120 reeens
351 3063 458 3139 primus
470 3065 576 3140 pipere
590 3065 703 3121 sitiente
718 3065 833 3120 camelo.

139 3141 230 3199 Verte
244 3141 364 3216 aliquid:
382 3142 454 3217 jura.
497 3141 574 3197 ‘Sed
589 3139 701 3216 Jupiter
715 3140 829 3198 audiet'
869 3139 969 3198 Ebeul

140 3219 226 3290 Baro,
240 3229 413 3294 regustatum
426 3220 515 3296 digito
528 3219 669 3276 terebrare
683 3217 804 3275 salinum
1026 3219 1028 3224 ’

138 3297 301 3355 Contentus
313 3317 440 3374 perages,
452 3297 476 3354 si
491 3297 582 3354 vivere
596 3315 662 3354 ourn
676 3296 746 3355 Jove
759 3296 865 3354 tendis·

139 3375 208 3433 Jam
220 3375 316 3450 pueris
329 3375 430 3450 pellem
445 3375 609 3432 succinctus
620 3387 649 3434 et
661 3376 846 3452 (enophorutn
862 3383 958 3454 aptas:
1060 3375 1118 3436 14⁰

138 3451 233 3512 Oeiirs
246 3454 281 3510 ad
293 3471 411 3523 navem:
432 3453 502 3510 nibil
516 3453 617 3526 obstat,
631 3454 699 3529 quin
713 3454 792 3512 trabe
805 3453 883 3511 visat

140 3531 275 3608 AEgoetun
289 3531 390 3607 rapias,
404 3531 459 3588 nisi
473 3532 560 3590 solers
572 3531 684 3590 luxuria
697 3530 764 3590 ante
914 3587 922 3600 ,

138 3611 298 3667 Seductum
313 3620 444 3666 moneat:
464 3607 535 3670 Qua
549 3609 663 3683 deinde,
677 3611 786 3682 insane,
800 3609 878 3666 ruisi
897 3605 974 3686 qubl
1040 3618 1045 3626 '

138 3687 222 3749 Quid
235 3687 286 3744 tibi
300 3687 341 3744 vis
352 3687 364 3744 1
384 3686 477 3744 aalide
490 3689 544 3744 sub
555 3699 669 3764 pectore
682 3688 807 3749 massula
821 3687 885 3744 bilis

130 3765 290 3839 -Intumuit,
304 3783 388 3842 quarn
402 3783 460 3822 non
473 3765 638 3824 exstinxerit
650 3785 722 3824 urna
735 3767 857 3824 eieutel
892 3815 895 3824 ,
1062 3766 1119 3826 tta
