2646 4416
235 375 293 436 1oe
470 373 500 420 Α.
518 369 630 420 PERSll
647 367 769 418 FLACCl
787 367 911 418 sarum
928 367 974 416 Vl.
1041 383 1047 390 “

233 511 539 584 Ossrinodoredabit,
553 529 604 568 seu
617 511 726 586 spirent-
737 511 871 568 cinnama
881 509 1010 580 surdum,
1166 501 1223 578 ’35

234 593 292 650 Seu
307 610 404 649 cereso
416 601 538 666 peccent
550 590 645 660 casiae,
661 589 772 648 nescire
786 599 907 662 paratus.
953 657 955 662 Ι

233 669 321 727 Tune
334 669 409 726 bona
422 665 577 725 incolumis
585 667 698 724 minues
706 668 726 723 l'
768 665 805 723 Et
819 665 931 722 Bestius
944 672 1027 738 urget

234 747 372 804 Doctores
385 745 503 802 Graios:
524 743 591 802 ‘Ito
604 744 644 814 lit,
658 754 805 819 postquem
818 761 916 818 sapere
926 740 996 798 Urbi

233 825 309 882 Cum
322 823 418 900 pipere
431 833 460 880 et
473 821 572 896 pelmis
586 823 662 879 venit
675 834 798 878 vestrum
812 821 869 877 hoc
879 818 967 876 maris
979 836 1099 894 expers:

234 901 391 958 Foenisecse
405 918 500 958 crasso
511 901 646 957 vitiirunt
659 898 785 974 unguine
798 898 910 974 pultes!
1183 895 1224 952 40

234 979 307 1036 llaec
320 979 417 1036 cinere
431 979 546 1036 ulterior
559 977 690 1035 metuasl
711 985 739 1032 at
752 986 793 1045 tu,
807 993 887 1032 meus
900 975 990 1032 heres

233 1055 372 1131 Quisquis
385 1057 450 1129 eris,
464 1052 580 1132 paulrim
595 1075 612 1112 a
625 1054 708 1112 turbi
722 1053 863 1110 seductior
878 1051 952 1109 audi.

234 1133 262 1190 Ο
276 1135 359 1206 bone,
373 1154 441 1192 num
456 1134 589 1210 ignorasl
607 1133 694 1189 misso
706 1142 750 1188 est
762 1150 779 1187 n
792 1129 905 1188 (lesere
919 1129 1015 1187 laurus

235 1210 381 1288 Insignem
395 1213 432 1270 ob
445 1210 555 1269 cladem
568 1211 718 1268 Germane
732 1207 825 1284 pubis,
838 1217 868 1264 et
881 1207 936 1264 nris

235 1288 369 1366 Frigidus
382 1289 521 1346 excutitur
535 1287 626 1345 cinis:
648 1306 682 1344 ac
693 1285 751 1362 jam
765 1285 891 1362 postibus
904 1303 991 1356 arms,
1184 1282 1226 1339 45

235 1366 301 1423 Jam
316 1365 478 1442 chlamydes
493 1385 602 1442 regum,
613 1365 672 1440 jam
686 1365 762 1422 lutea
775 1381 901 1438 gausape
915 1363 1013 1438 captis,
1105 1393 1107 1397 ·

235 1441 408 1518 Essedaque,
422 1444 606 1519 ingentesque
616 1443 691 1500 locat
703 1441 834 1498 Coesonia
845 1441 972 1500 Rhenes.

235 1521 290 1578 ms
303 1522 389 1597 igitur
403 1521 543 1596 genioque
556 1521 638 1578 ducis
649 1531 763 1576 centum
777 1519 865 1594 paris,
879 1519 916 1575 ob
929 1537 975 1576 res
1000 1584 1006 1595 x

236 1596 359 1675 Egregie
374 1610 477 1675 gestas,
492 1600 604 1658 induc'o.
644 1597 721 1659 Quis
734 1597 829 1654 vetati
850 1597 933 1654 aude.

235 1677 299 1747 Vre,
313 1677 367 1733 nisi
380 1677 534 1734 connivesl
575 1677 679 1734 Oleum
694 1687 890 1750 artocreasque
903 1673 1014 1749 popello
1185 1671 1226 1729 5⁰

235 1753 360 1828 Largior.
402 1754 450 1811 An
464 1755 618 1830 prohibssl
638 1755 686 1810 dic
699 1750 784 1810 clare.
825 1751 893 1808 Non
908 1753 988 1823 adeo,
999 1749 1095 1827 inquis

235 1827 389 1886 Exossatus
404 1849 471 1906 eger
481 1830 563 1906 juxti
577 1842 628 1888 est.
670 1832 745 1906 Age,
760 1831 784 1886 si
798 1829 868 1886 mihi
882 1829 962 1886 nulla
1042 1833 1045 1838 ’

235 1905 299 1962 Jam
315 1907 422 1980 reliqua
433 1925 469 1964 ex
482 1908 584 1979 amitis,
598 1907 732 1982 patruelis
746 1905 833 1977 nuile,
846 1907 990 1982 proneptis

234 1981 322 2040 Nulla
336 1996 431 2041 manet
444 1985 545 2060 patrui,
561 1984 663 2042 sterilis
677 1994 825 2040 matertere
840 1983 917 2053 vixit,

235 2061 334 2134 Deque
348 2061 410 2128 evit
423 2062 543 2115 nihilum
558 2071 685 2134 superest
697 2078 704 2128 ;
725 2062 832 2117 accedo
846 2060 977 2132 Bovillas,
1183 2063 1224 2118 55

222 2137 402 2210 ¹Clivnmque
416 2138 452 2194 ad
466 2136 566 2194 Virbi:
587 2148 689 2214 praesto
702 2145 745 2194 est
758 2137 828 2194 mihi
843 2136 957 2194 Manius
971 2139 1070 2194 heres.

235 2221 243 2248 ⁴
258 2213 411 2290 Progenies
424 2227 505 2272 terrae
515 2215 531 2272 l'
552 2215 660 2277 Quaere
673 2235 708 2272 ex
722 2233 777 2286 me,
791 2215 854 2288 quis
866 2215 936 2278 mihi
949 2225 1064 2288 quartos

235 2293 280 2348 Sit
292 2304 389 2368 pater:
411 2293 485 2349 haud
500 2291 639 2369 prompte,
653 2294 746 2350 dicam
761 2305 864 2349 temen.
906 2293 991 2350 Adde
1004 2293 1091 2350 etiam
1105 2311 1210 2368 unum,

235 2367 331 2428 Unum
344 2369 446 2426 etiam:
467 2380 548 2428 terrae
562 2381 606 2428 est
621 2371 673 2428 'am
689 2370 782 2427 filius:
803 2381 832 2426 et
845 2369 914 2426 mihi
928 2369 983 2426 ritu

235 2445 350 2504 Manius
363 2447 410 2504 hic
423 2449 536 2523 generis
548 2465 635 2524 prope
649 2449 738 2526 major
752 2447 907 2528 avunculus
920 2447 985 2505 exit.
1013 2465 1015 2468 ·
1185 2449 1226 2507 60

234 2524 296 2586 Qui
309 2525 384 2601 prior
397 2544 437 2596 es,
451 2543 503 2582 cur
517 2545 563 2583 me
577 2527 606 2584 in
620 2528 743 2583 decursu
756 2526 886 2602 lampada
898 2525 1011 2601 poecisl

236 2603 306 2658 Sum
320 2603 371 2660 tibi
385 2601 564 2660 Mercurius:
585 2604 668 2662 venio
681 2605 752 2660 deus
766 2605 823 2660 huc
836 2623 899 2678 ego,
915 2614 945 2659 ut
958 2601 1005 2660 ille

235 2678 373 2753 Pingitur.
394 2697 401 2704 “
415 2680 464 2735 An
477 2682 595 2737 renuisl
617 2681 671 2737 vin¹
687 2692 718 2738 tu
732 2682 856 2756 gaudere
870 2681 995 2737 relictisl

235 2761 243 2788 ⁸
258 2755 347 2810 Deest
360 2755 464 2828 aliquid
479 2775 605 2812 summm.
648 2756 742 2814 Minui
755 2758 844 2813 mihi:
866 2758 915 2814 sed
929 2758 980 2814 tibi
994 2768 1082 2815 totum
1097 2769 1151 2832 est,

233 2831 380 2904 Quicquid
396 2831 424 2886 id
438 2841 488 2888 est.
532 2819 647 2903 Ubi'sit,
663 2833 729 2907 fuge
742 2851 877 2906 querere,
892 2835 966 2907 quod
981 2835 1050 2892 mihi
1063 2837 1210 2910 quondam

234 2907 357 2984 Iegirat
370 2907 498 2965 Tadius:
519 2927 574 2968 neo
587 2909 663 2966 dicte
675 2929 779 2985 repone
792 2921 928 2986 paterna:
964 2957 966 2962 a
1075 2946 1077 2950 ·
1182 2917 1225 2972 66

235 2984 363 3042 Foeneris
376 2987 494 3044 secedat
507 3005 634 3044 merces:
656 2988 723 3044 hinc
734 2988 826 3044 exime
837 2999 974 3063 sumptus.

235 3063 334 3124 ‘Quid
343 3063 481 3138 reliquum
492 3076 536 3123 est
545 3065 566 3121 l’
600 3063 776 3140 Reliquuml
790 3084 867 3122 nunc
878 3085 956 3123 nunc
966 3066 1122 3142 impensius
1132 3087 1223 3144 unge,

234 3139 329 3216 Unge,
343 3159 424 3216 puer,
437 3143 544 3200 caules.
586 3141 661 3218 Mihi
675 3143 747 3200 festi
760 3143 824 3202 luce
838 3155 973 3217 coquetur

235 3217 342 3290 Urtice,
356 3229 386 3276 et
399 3219 465 3276 lissi
478 3221 618 3278 fumosum
632 3221 756 3296 sinciput
769 3223 854 3290 aurel
865 3220 882 3256 *
894 3221 911 3256 *
923 3221 940 3256 ⁴*
952 3221 969 3256 *
981 3219 1000 3256 *
1179 3223 1221 3280 70

274 3295 376 3353 Vende
390 3298 514 3354 animam
527 3299 626 3356 lucro:
647 3311 783 3370 mercare,
798 3311 881 3372 atque
894 3309 996 3356 excute
1010 3299 1097 3357 solers

235 3371 329 3430 Omne
343 3374 415 3431 letus
429 3375 539 3447 mundi,
553 3395 590 3435 ne
603 3375 640 3434 sit
652 3375 826 3452 prestantior
839 3376 908 3434 alter

236 3450 420 3526 Cappadocas
433 3453 525 3527 rigidi
537 3453 658 3528 pingues
671 3453 808 3530 plausisse
821 3453 939 3510 catastd.

235 3525 312 3584 Rem
326 3521 448 3603 duplica.
490 3528 577 3586 Feci:
595 3530 654 3605 jam
669 3531 779 3606 triplex,
790 3531 849 3606 jam
862 3531 932 3588 mihi
945 3529 1056 3606 quarti,

235 3603 301 3660 lam
314 3605 410 3678 decies
423 3606 496 3664 redit
509 3607 539 3662 in
553 3625 660 3682 rugam.
702 3607 852 3684 Depunge‚
866 3609 915 3666 ubi
929 3610 1035 3681 sistam,
1181 3609 1221 3666 75

236 3679 382 3755 Iuventus,
396 3683 562 3761 Chrysippe‚
576 3684 617 3742 tui
631 3685 724 3746 finitor
738 3687 839 3746 acervi.
