2628 4430
199 383 236 444 16
507 364 866 432 MUNHJUVENALIS

196 525 368 602 AEiquantem
383 523 452 584 send
467 526 581 604 paribus
595 525 723 583 sestertia
736 525 825 600 libris,

195 605 234 664 Ut
246 605 403 682 perhibent,
417 607 465 681 qui
479 607 515 663 de
529 605 639 681 maguis
652 606 758 682 majora
771 605 931 680 loquuntur.

112 738 116 747 ,
196 684 354 744 Consilium
367 684 452 742 laudo
466 684 590 756 artificis,
605 685 629 742 si
642 703 760 742 munere
773 693 853 743 ta'nto

196 763 372 840 Praecipuum
386 763 416 822 in
430 764 533 822 tabulis
546 783 640 821 ceram
655 765 731 820 senis
746 764 860 823 abstulit
873 764 942 824 orbi.

196 841 248 902 Est
261 843 332 902 ratio
345 843 468 917 ulterior,
483 861 594 920 magnae
608 843 632 900 si
646 843 722 900 misit
735 844 844 916 amicae,

195 921 271 985 Quae
286 923 395 980 vehitur
409 923 505 982 clauso
518 923 582 982 latis
595 923 788 998 specularibus
802 933 890 982 antro.

196 999 246 1059 Nil
260 1001 316 1060 tale
329 1013 493 1078 exspectes:
513 1002 582 1060 emit
595 1001 657 1060 sibi.
699 999 792 1060 Multa
805 1003 943 1074 videmus,

196 1081 272 1142 Quae
286 1081 370 1140 miser
381 1091 410 1138 et
424 1081 496 1158 frugi
510 1101 567 1139 non
582 1081 649 1139 fecit
663 1081 791 1157 Apicius.
833 1081 899 1139 Hoc
912 1091 943 1140 tu

197 1159 369 1218 Succinctus
382 1161 473 1236 patrib
485 1161 637 1236 quondam,
651 1160 792 1237 Crispine,
806 1163 931 1238 papyrol

197 1239 263 1298 Hoc
275 1239 365 1315 pretio
379 1241 521 1318 squamael
541 1241 632 1316 potuit
646 1241 762 1298 sortasse
775 1240 892 1298 minoris

197 1318 332 1392 Piscator,
346 1317 431 1393 qudm
444 1319 538 1395 piscis,
553 1320 617 1376 emi.
658 1319 809 1377 Provincia
821 1321 893 1379 tanti

197 1397 304 1455 Vendit
317 1417 415 1474 agros;
436 1400 485 1456 sed
500 1398 619 1474 majores
633 1399 758 1476 Appulia
772 1400 876 1458 vendit.

196 1475 307 1538 Quales
320 1489 389 1534 tunc
403 1477 500 1553 epulas
514 1477 606 1555 ipsum
620 1477 737 1554 glutisse
750 1490 882 1554 putemus

197 1555 447 1632 Endoperatorem,
461 1577 550 1633 quum
570 1567 612 1615 tot
633 1559 770 1630 sestertia,
783 1569 891 1634 partem

198 1634 347 1711 Exiguam,
363 1646 391 1693 et
405 1637 523 1694 modicae
537 1647 676 1711 sumptam
690 1638 727 1694 de
742 1637 869 1714 margine
883 1657 984 1712 coenae,

197 1713 360 1789 Purpureus
373 1716 468 1792 magni
482 1715 600 1773 ructarit
612 1735 710 1773 scurra
723 1715 825 1789 Palati,

197 1789 262 1850 lam
276 1793 408 1870 princeps
421 1797 556 1870 equitum,
570 1795 674 1870 magni
687 1795 735 1870 qui
749 1813 818 1856 voce
832 1797 939 1855 solebat

113 1899 116 1910 =
197 1873 330 1931 Vendere
344 1874 502 1950 municipes
514 1873 598 1932 fiictd
613 1875 649 1930 de
664 1890 760 1931 merce
775 1873 898 1930 silurosl

197 1951 308 2028 Incipe,
323 1952 461 2028 Calliope,
474 1953 542 2010 licet
554 1963 583 2010 et
597 1953 762 2010 considere:
783 1973 841 2012 non
855 1965 898 2013 est

198 2030 390 2105 Cantandum,
405 2051 450 2089 res
463 2051 529 2089 vera
543 2033 644 2108 agitur.
686 2032 816 2105 Narrate,
830 2034 932 2110 puellae

197 2109 343 2170 Pierides.
364 2111 451 2187 prosit
465 2113 534 2169 mihi
548 2131 596 2170 vos
610 2113 714 2170 dixisse
728 2113 854 2189 puellas!

235 2189 336 2252 Quum
348 2189 407 2267 jam
420 2192 618 2250 semianimum
631 2193 767 2250 laceraret
782 2192 897 2250 Flavius
911 2193 1009 2252 orbem

197 2269 328 2342 Ultimus,
342 2281 371 2328 et
384 2271 463 2329 calvo
477 2273 591 2330 serviret
604 2271 699 2329 Roma
712 2271 821 2330 Neroni
833 2293 839 2341 ;

197 2347 304 2407 Incidit
319 2350 437 2408 Adriaci
452 2353 572 2426 spatium
587 2351 752 2409 admirabile
767 2353 876 2411 rlrornbi

197 2429 275 2486 Ante
288 2429 404 2487 domum
419 2430 549 2503 Veneris,
560 2449 644 2506 quam
658 2431 763 2488 Dorica
777 2433 896 2489 sustinet
909 2431 1023 2504 Ancon,

197 2506 383 2584 Implevitque
397 2510 493 2567 sinus:
515 2510 697 2586 nequeenim
711 2511 802 2568 minor
817 2511 937 2568 haeserat
950 2511 1015 2584 illis,

196 2587 280 2650 Quos
293 2589 384 2666 operit
396 2589 502 2666 glacies
516 2587 659 2662 Maeotica,
675 2602 811 2666 ruptaque
825 2593 941 2650 tandem

199 2667 312 2726 Solibus
326 2669 446 2728 effundit
458 2671 593 2745 torpentis
605 2671 640 2725 ad
654 2670 726 2728 ostia
739 2670 823 2726 Ponti

198 2746 317 2805 Desidia
330 2749 434 2820 tardos,
449 2761 477 2805 et
490 2748 575 2823 longo
589 2749 690 2824 frigore
704 2748 833 2824 pingues.

198 2825 328 2884 Destinat
342 2827 396 2884 hoc
409 2837 564 2884 monstrum
578 2828 687 2902 cymbae
701 2827 808 2902 linique
822 2827 956 2904 magister

198 2903 329 2964 Pontifici
343 2923 461 2962 summo.
501 2905 578 2966 Quis
591 2907 668 2963 enim
681 2925 837 2982 proponere
851 2907 936 2964 talem

199 2985 260 3042 Aut
272 3003 366 3042 emere
380 2986 506 3056 auderet,
520 3005 605 3060 quum
616 2985 701 3062 plena
715 2997 744 3043 et
757 2985 850 3044 littora
863 2983 951 3043 multo
994 3057 996 3064 Ι

199 3063 330 3122 Delatore
345 3063 454 3122 sorentl
496 3064 622 3139 Dispersi
635 3077 770 3140 protenus
784 3065 854 3142 algae

199 3141 383 3219 Inquisitores
397 3155 513 3220 agerent
527 3161 592 3200 cum
606 3145 714 3222 remige
727 3146 814 3218 nudo,

194 3221 267 3282 Nun
280 3222 434 3280 dubitaturi
449 3223 596 3299 fugitivum
611 3225 706 3281 dicere
720 3225 838 3300 piscem,

199 3301 409 3377 Depastumque
423 3300 472 3360 diii
488 3303 590 3360 vivaria
604 3303 735 3374 Caesaris,
750 3305 816 3361 inde

199 3379 334 3457 Elapsum
347 3393 470 3439 veterem
484 3383 518 3438 ad
534 3382 680 3439 dominum
694 3384 797 3440 debere
811 3384 920 3440 reverti.

201 3459 232 3517 Si
247 3459 313 3534 quid
328 3459 461 3532 Palfurio,
473 3461 496 3517 si
511 3461 654 3518 credimus
668 3461 827 3533 Armillato,

199 3539 348 3614 Quidquid
362 3541 558 3616 conspicuum,
572 3540 777 3616 pulchrumque
792 3554 835 3598 est
850 3559 960 3616 aequore
973 3551 1040 3615 toto,

199 3617 262 3676 Res
275 3618 336 3676 fisci
349 3631 401 3691 est,
416 3619 577 3694 ubicunque
591 3630 676 3676 natet.
718 3619 877 3678 Donabitur
890 3618 971 3698 ergd,

199 3696 247 3755 Ne
260 3709 364 3773 pereat.
405 3697 423 3754 J
425 3717 471 3756 am
484 3698 593 3756 letifero
607 3700 727 3757 cedente
742 3699 849 3775 pruinis

200 3777 356 3848 Autumno,
367 3777 426 3854 jam
440 3789 605 3853 quartanam
619 3779 796 3854 sperantibus
810 3777 901 3854 agris,

201 3855 344 3914 Stridebat
357 3856 492 3914 deformis
506 3857 606 3930 hiems,
619 3859 798 3933 praedamque
812 3869 957 3916 recentem

200 3935 353 3994 servabat:
374 3945 470 3994 tamen
485 3936 532 3994 hic
544 3948 685 4014 properat,
699 3935 774 3994 velut
788 3948 907 4014 urgueat
921 3937 1033 3996 Auster.
