2628 4430
148 365 155 376 “
215 371 254 432 38
525 372 558 420 D.
577 371 673 422 JUNII
691 371 887 420 JUVENALIS

215 509 379 588 Componis,
393 511 467 569 dona
480 512 612 584 Veneris,
627 513 794 584 Thelesiue,
810 513 925 582 marito;

215 592 276 648 Aut
289 591 400 661 claude,
414 601 443 647 et
456 591 560 666 positos
574 592 652 649 tinea
665 591 805 666 pertunde
819 591 936 648 libellos.

135 723 145 740 ,
213 665 329 744 Prange
343 668 428 726 miser
442 668 575 741 calamos,
590 670 758 746 vigilataque
771 669 870 744 proelia
883 667 957 741 dele,
1037 739 1043 748 1

214 746 276 808 Qui
291 745 359 803 lacis
374 745 403 802 in
417 747 501 822 parva
516 747 647 805 sublimia
661 747 787 804 carmina
801 745 885 818 aelli,

162 819 167 828 ’
215 823 253 882 Ut
266 824 370 900 dignus
384 842 482 882 venias
496 826 617 898 hederis,
631 837 660 882 et
674 825 797 900 imagine
812 824 917 884 macri.

215 903 288 978 Spes
302 902 379 960 nulla
394 902 525 961 ulterior:
546 904 647 960 didicit
658 903 716 978 jam
730 903 809 960 dives
825 922 924 961 avarus

214 978 344 1038 Tantitm
358 980 499 1053 admirari,
508 980 618 1040 tantbm
633 981 747 1038 laudare
758 981 886 1054 disertos,

215 1057 254 1116 Ut
267 1059 347 1134 pueri
361 1057 486 1116 lunonis
499 1079 588 1118 avem.
630 1061 688 1116 Sed
703 1059 802 1117 defluit
816 1071 884 1118 aetas

216 1136 254 1194 Et
266 1136 360 1212 pelagi
373 1137 493 1213 patiens,
508 1151 537 1196 et
550 1137 679 1209 cassidis,
695 1149 777 1212 atque
791 1137 902 1214 ligonis.
1003 1163 1007 1172 ·

216 1214 320 1272 'Pedia
332 1225 402 1272 tunc
416 1217 540 1274 subeunt
554 1218 673 1289 animoa,
687 1227 757 1274 tunc
768 1234 855 1291 seque
868 1234 1004 1292 suamque

216 1292 426 1368 Terpsichoren
440 1294 500 1351 odit
513 1296 636 1352 facunda
649 1307 677 1352 et
690 1296 769 1353 nuda
782 1292 923 1352 senectus.

256 1371 367 1447 Accipe
380 1389 459 1428 nunc
473 1384 555 1445 artes,
570 1393 607 1430 ne
621 1374 688 1448 quid
702 1373 753 1430 tibi
767 1374 895 1432 conserat
908 1373 971 1446 iste,

216 1450 315 1512 Quem
329 1449 408 1520 colis,
422 1461 451 1506 et
465 1449 611 1508 Musarum
626 1462 655 1509 et
669 1451 810 1526 Apollinis
825 1452 885 1508 aede
899 1449 1006 1508 relicti.

217 1528 282 1604 lpse
297 1528 364 1586 lacit
377 1547 483 1599 versus,
498 1541 580 1604 atque
593 1530 643 1589 uni
657 1531 733 1586 cedit
747 1529 873 1586 Homero

217 1605 334 1682 Propter
347 1607 423 1663 mille
437 1627 545 1676 annos;
566 1618 624 1679 aut,
639 1607 663 1664 si
677 1607 828 1664 dulcedine
843 1607 924 1664 saure

218 1685 384 1742 Succensus
397 1683 507 1758 recites,
522 1687 679 1743 maculosas
693 1687 853 1744 commodat
867 1685 950 1743 edes.

219 1762 292 1818 Haec
305 1761 390 1838 longe
406 1763 507 1820 ferrata
519 1765 621 1822 domus
634 1765 737 1822 servire
748 1764 873 1840 jubetur,

218 1839 253 1896 In
267 1840 323 1914 qud
337 1841 470 1898 sollicitas
483 1843 607 1898 imitatur
617 1841 705 1917 janua
717 1853 818 1918 portas.

219 1918 280 1976 Scit
294 1919 360 1986 dare
373 1918 488 1976 libertos
501 1921 627 1977 extremi
642 1921 670 1976 in
684 1930 762 1996 parte
776 1921 907 1978 sedentes

217 1993 344 2068 Ordinis,
358 2007 387 2054 et
400 2015 518 2073 magnas
531 1998 666 2054 comitum
680 1998 829 2073 disponere
843 2016 934 2056 voces.

217 2074 312 2132 Nemo
325 2075 403 2132 dabit
413 2095 522 2151 regum,
536 2077 633 2152 quanti
646 2077 779 2134 subsellia
793 2087 932 2149 constent,

217 2153 255 2210 Et
268 2172 331 2228 quae
344 2155 487 2212 conducto
499 2155 625 2230 pendent
639 2155 793 2212 anabathra
806 2155 905 2230 tigillo,

216 2229 348 2306 Quaeque
361 2233 536 2307 reportandis
549 2235 639 2309 posita
652 2245 695 2290 est
713 2235 857 2291 orchestra
871 2231 1022 2290 cathedris.

217 2309 279 2368 Nos
292 2321 387 2367 tamen
402 2311 456 2368 hoc
470 2313 589 2388 agimus,
603 2313 737 2385 tenuique
752 2313 781 2368 in
795 2312 909 2386 pulvere
929 2311 1023 2370 sulcos

216 2383 367 2458 Ducimusv,
381 2399 409 2450 et
422 2389 500 2446 littus
514 2390 601 2447 sterili
615 2409 758 2446 versamus
773 2400 872 2446 aratro.

216 2465 292 2523 Nam
306 2466 330 2522 si
341 2467 480 2539 discedas,
494 2468 594 2542 laqueo
607 2479 685 2526 tenet
699 2467 838 2526 ambitiosi

216 2544 403 2602 Consuetudo
415 2546 498 2603 mali:
520 2557 598 2604 tenet
611 2547 769 2604 insanabile
783 2546 886 2604 multos

217 2623 367 2680 Scribendi
382 2626 543 2696 cacoethes,
558 2635 587 2681 et
600 2643 675 2700 aegro
689 2625 718 2682 in
734 2625 819 2682 corde
833 2624 963 2682 senescit.

217 2702 276 2758 Sed
290 2712 381 2758 vatem
395 2703 551 2777 egregium,
567 2703 613 2758 cui
628 2723 686 2760 non
700 2703 736 2758 sit
748 2703 863 2778 publica
878 2721 960 2774 vena,

215 2777 278 2838 Qui
293 2777 363 2835 nihil
376 2779 533 2854 expositum
548 2780 635 2836 soleat
649 2781 800 2851 deducere,
814 2799 869 2836 nec
882 2781 931 2855 qui

216 2856 370 2914 Communi
385 2857 465 2914 feriet
479 2877 593 2914 carmen
608 2858 717 2914 triviale
732 2858 855 2929 monath,

217 2934 315 3005 Hunc,
329 2935 441 3008 qualem
456 2954 566 3010 nequeo
581 2947 746 3007 monstrare,
761 2947 789 2992 et
803 2935 894 2993 sentio
907 2931 1030 3018 tantum,

217 3014 370 3070 Anxietate
384 3033 484 3070 carens
498 3014 610 3071 animus
624 3015 701 3086 facit,
714 3014 807 3072 omnis
821 3014 916 3071 acerbi

216 3091 382 3168 Impatiens,
397 3092 518 3168 cupidus
532 3093 673 3164 silvarum,
689 3103 825 3168 aptusque
839 3091 970 3150 bibendis

216 3167 356 3228 Fontibus
370 3171 525 3228 Aonidum.
566 3171 668 3246 Neque
682 3173 759 3229 enirn
773 3181 888 3228 cantare
902 3171 955 3228 sub
969 3181 1050 3230 antro

216 3249 319 3321 Pierio,
333 3250 493 3324 thyrsumve
506 3261 598 3326 potest
611 3249 775 3326 contingere
789 3269 859 3307 sana

217 3327 372 3404 Paupertas
386 3339 469 3403 atque
484 3329 547 3387 aeris
561 3328 651 3404 inops,
665 3347 720 3402 quo
733 3339 817 3386 nocte
832 3327 934 3401 dieque

216 3406 328 3482 Corpus
341 3417 422 3482 eget:
444 3417 520 3464 satur
533 3417 585 3478 est,
600 3425 693 3486 quum·
701 3407 771 3464 dicit
792 3405 937 3477 Horatius,
952 3403 1052 3464 Euoel
1090 3460 1092 3466 ,

216 3483 293 3546 Quis
307 3485 386 3541 locus
401 3485 525 3560 ingenio,
536 3485 590 3542 nisi
605 3503 693 3560 quum
707 3504 738 3540 se
749 3484 875 3541 carmine
890 3483 949 3542 solo

216 3561 339 3636 Vexent,
354 3574 382 3620 et
396 3562 517 3620 dominis
532 3563 641 3620 Cirrhae
655 3563 685 3619 N
687 3581 799 3638 ysaeque
818 3561 946 3620 feruntur

216 3639 336 3698 Pectora
349 3652 453 3712 nostra,
467 3641 538 3698 duas
551 3659 608 3698 nou
622 3641 798 3698 admittentia
811 3641 917 3698 curasl

217 3717 332 3794 Magne
346 3719 449 3776 mentis
463 3737 544 3796 opus,
558 3738 613 3776 nec
628 3719 663 3776 de
677 3719 770 3776 lodice
783 3719 910 3796 parandis

217 3798 365 3868 Attonitae,
380 3816 491 3870 currus,
506 3809 535 3854 et
549 3817 646 3872 equos,
661 3797 803 3872 faciesque
818 3799 935 3855 deorum
1062 3855 1064 3860 ,

217 3875 384 3950 Adspicere,
398 3887 427 3932 et
440 3876 531 3950 qualis
545 3875 686 3933 Rutulum
701 3876 856 3934 confundat
870 3875 1004 3952 Erinnys.
