2646 4416
30 475 36 529 Ι

533 365 656 416 semna
673 367 694 416 1.

29 553 30 558 κ
116 507 240 584 Pinguis
253 507 431 584 aqualiculus
444 529 582 586 propenso
596 509 762 587 sesquipede
776 521 875 572 exstet.

115 588 144 646 0
156 588 243 660 Jane,
265 605 282 645 a
295 599 375 664 tergo
387 607 471 662 quem
484 588 562 645 nulla
575 589 687 647 ciconia
697 590 793 666 pinsit,

115 665 183 725 Nec
198 686 300 724 manus
315 667 456 725 auriculas
470 667 579 725 imitata
591 679 634 726 est
648 669 758 727 mobilis
771 671 850 743 altas,

116 746 183 804 Nec
197 746 313 822 linguae,
327 743 464 820 quantum
476 745 551 804 sitiat
564 747 643 804 canis
658 749 781 823 Appula,
795 747 921 809 tantbml
1060 752 1100 811 60

115 825 188 897 Vos,
203 824 231 882 Ο
244 825 379 902 patricius
393 827 518 901 sanguis,
532 843 601 900 quos
614 826 707 884 vivere
722 827 762 885 fas
775 840 819 887 est

116 903 246 982 Oecipiti
260 923 346 975 caeco,
360 905 475 982 posticae
489 905 630 962 occurrite
645 925 751 964 sannas.

155 984 235 1050 Quis
248 983 344 1060 populi
358 1001 449 1042 sermo
460 986 522 1042 estl
542 985 604 1060 quis
618 985 715 1042 eniml
736 985 790 1042 nisi
804 985 932 1046 carmina
946 989 1024 1048 molli

117 1061 210 1120 Nunc
223 1063 338 1120 demum
352 1081 471 1122 numero
484 1063 581 1136 fluere,
597 1073 628 1121 nt
641 1084 691 1142 per
704 1063 765 1122 leve
779 1083 890 1124 severos

116 1141 258 1202 Effundat
268 1143 402 1218 junctura
416 1159 547 1220 ungues:
569 1143 622 1201 scit
635 1144 751 1202 tendere
766 1161 876 1202 versum
1059 1147 1099 1204 65

117 1220 187 1283 Non
201 1241 294 1294 secus,
308 1241 342 1280 ac
355 1223 379 1280 si
393 1223 477 1280 oculo
490 1221 632 1280 rubricam
645 1222 748 1298 dirigat
761 1242 827 1281 uno.

116 1301 187 1358 Sive
199 1320 271 1380 opus
282 1301 312 1358 i'n
327 1320 428 1373 morae,
443 1302 473 1358 in
486 1301 595 1374 luxum,
611 1301 639 1359 in
653 1301 773 1378 prandia
787 1321 899 1382 regum,

117 1381 234 1454 Dicere,
245 1399 290 1438 res
304 1379 425 1456 grandes
439 1394 534 1438 nostro
544 1381 593 1438 dat
606 1379 691 1438 Musa
703 1385 804 1458 poetae.

156 1459 237 1518 Eece
251 1457 336 1517 modb
352 1461 451 1518 heroas
464 1477 564 1517 sensus
579 1460 678 1518 afferre
697 1461 825 1518 videmus

118 1537 229 1615 Nugari
242 1539 338 1597 solitos
351 1536 463 1611 Graecb,
478 1558 533 1596 nec
545 1558 650 1614 ponere
663 1539 760 1596 lucum

122 1617 261 1691 Artifices,
276 1637 331 1676 nec
345 1636 392 1675 rus
406 1629 532 1676 saturum
545 1619 671 1690 laudare,
685 1619 734 1676 ubi
753 1619 862 1692 corbes,

121 1697 161 1755 Et
175 1697 258 1770 soem,
273 1707 303 1754 et
315 1695 403 1772 porci,
417 1709 446 1754 et
461 1697 570 1755 fumosa
583 1697 684 1754 Palilia
698 1695 790 1755 ioeno:

120 1777 203 1837 Unde
216 1777 338 1847 Remus,
353 1775 487 1852 sulcoque
501 1787 595 1834 terens
608 1776 741 1849 dentalia,
755 1775 870 1852 Quinti,

116 1856 218 1918 Quum
232 1855 343 1931 trepida
357 1867 422 1913 ante
438 1855 520 1913 boves
534 1857 700 1914 dictatorem
714 1855 806 1914 induit
820 1877 898 1931 uxor,

117 1935 153 1994 Et
165 1946 216 1993 tua
233 1945 325 1992 aratra
336 1935 450 1992 domum
464 1934 546 1993 lictor
559 1935 639 1992 tulit:
661 1954 734 2012 euge
747 1937 848 2014 poeta!
1057 1941 1097 2000 75

152 2015 208 2072 Est
221 2033 310 2084 nunc,
324 2013 430 2071 Briseis
444 2033 528 2089 quem
542 2033 661 2072 venosus
674 2015 744 2072 liber
756 2015 841 2088 Acci,

118 2094 199 2166 Sunt,
215 2111 286 2168 quos
300 2093 496 2168 Pacuviusque
509 2105 538 2150 et
551 2112 701 2152 verrucosa
719 2106 842 2151 moretur

117 2173 255 2248 Antiopa,
269 2159 399 2229 rar'umnis
411 2191 457 2229 cor
471 2171 649 2248 luctificabile
656 2169 749 2246 fulto.

115 2252 176 2310 Hos
190 2251 289 2328 pueris
303 2250 425 2309 monitus
437 2261 530 2326 patres
543 2250 693 2310 infundere
706 2250 796 2327 lippos

114 2331 217 2392 Quum
231 2331 337 2402 videaS,
352 2331 502 2405 quaerisne,
519 2331 595 2387 unde
611 2332 672 2388 haec
681 2341 792 2406 sartago
806 2329 939 2406 loquendi
1056 2333 1097 2394 ἃ)

115 2410 236 2468 Venerit
250 2409 280 2466 in
293 2409 427 2486 linguasl
448 2411 525 2467 unde
539 2409 614 2466 istud
630 2409 764 2480 dedecus,
779 2409 879 2484 inquo

119 2488 271 2548 Trossulus
285 2489 405 2546 exsultat
418 2489 469 2545 tibi
483 2507 532 2564 per
546 2489 678 2545 subsellia
694 2488 782 2544 levisl

122 2567 201 2627 Nilne
215 2569 314 2645 pudet,
329 2567 414 2642 capiti
428 2587 485 2624 non
498 2585 580 2642 posse
593 2566 718 2644 pericula
731 2584 805 2626 cano

121 2646 234 2720 Pellere,
248 2647 318 2723 quin
332 2646 458 2723 tepidum
473 2647 526 2704 hoc
539 2657 618 2722 optes
632 2646 739 2718 audire,
754 2648 937 2706 nncnrvrnnl

156 2725 213 2784 Fur
228 2745 270 2798 es,
285 2727 323 2783 ait
337 2725 432 2783 Pedio.
473 2725 579 2784 Pedius
592 2725 680 2802 quidl
700 2725 820 2786 crimina
833 2726 903 2785 rasis
1054 2729 1094 2790 85

116 2803 211 2864 Librat
227 2806 257 2863 in
270 2805 432 2864 antithetis:
453 2805 550 2864 doctas
563 2807 689 2882 posuisse
702 2805 807 2884 figuras

112 2883 277 2943 Laudatur:
300 2883 403 2941 bellum
418 2886 490 2943 hoc:
512 2885 566 2944 hoc
580 2885 706 2943 belluml
726 2905 773 2959 an,
787 2887 923 2960 Romule,
934 2889 1037 2948 cerasi

111 2963 192 3022 Men’
209 2963 340 3022 moveati
356 2963 462 3040 'quippe
477 2976 514 3034 et,
528 2976 624 3022 cantet
637 2965 660 3021 si
674 2965 838 3041 naufragus,
854 2985 946 3024 assem

110 3043 302 3102 Protuleriml
323 3056 429 3114 cantas,
443 3061 531 3118 quum
546 3043 634 3100 fractis
647 3054 676 3099 te
690 3043 719 3099 in
733 3045 813 3100 trabe
826 3043 936 3119 pictum

110 3119 157 3180 Ex
171 3123 291 3180 humero
304 3133 405 3198 portes.
446 3123 564 3192 Verum,
580 3139 635 3178 nec
649 3132 733 3178 nocte
748 3133 876 3195 paratum
1052 3123 1094 3183 90

109 3201 249 3274 Plorabit,
263 3202 310 3277 qui
325 3218 370 3258 me
383 3202 456 3258 volet
470 3199 632 3256 incurvasse
646 3199 769 3273 querelis.

145 3281 213 3350 ‚Sed
226 3275 352 3338 numeris
366 3281 451 3338 decor
465 3289 549 3337 estet
561 3279 694 3356 junctura
708 3279 804 3336 addita
818 3279 921 3337 crudis.

108 3359 255 3419 claudere
269 3359 311 3416 sic
324 3377 435 3417 versum
457 3359 564 3432 didicit,
579 3357 785 3433 Berecyntbius
799 3357 904 3416 Attin:

108 3437 159 3512 Et,
178 3437 240 3508 Qui
255 3438 398 3496 ceruleum
411 3437 561 3496 dirimebat
574 3437 669 3496 Nereo
682 3437 812 3514 delprbr‘n:

109 3518 173 3590 Sic,
199 3517 312 3576 Castam
326 3517 408 3592 longo
421 3517 598 3574 subduximus
612 3515 772 3592 Apennino.
1052 3517 1093 3578 95

108 3595 207 3653 Arma
218 3597 318 3670 virum,
332 3615 427 3653 nonne
442 3597 496 3654 hcc
510 3613 673 3672 spumosum
687 3607 716 3654 et
729 3597 834 3656 cortice
846 3595 967 3675 pinguil

107 3674 150 3734 Ut
163 3675 269 3734 ramale
283 3686 362 3734 vetus
376 3675 534 3751 pregrandi
547 3675 649 3732 subere
662 3686 784 3734 coctum.

108 3753 260 3816 Quidnam
275 3754 360 3830 igitur
373 3765 512 3826 tenerum,
526 3754 632 3812 etiami
645 3754 756 3812 cervice
769 3755 942 3832 legenduml

115 3831 216 3891 Torva
229 3833 417 3894 sanationis
431 3832 582 3910 implerunt
594 3851 700 3890 cornua
714 3832 832 3892 bombis:

110 3912 157 3970 Et
170 3921 284 3990 raptum
297 3913 385 3969 vitulo
399 3921 486 3988 caput
499 3911 633 3970 ablatura
645 3911 761 3989 superbo
1037 3914 1093 3975 1⁰⁰

110 3989 263 4066 Bassaris,
277 3999 305 4050 et
318 3991 443 4068 Lyncem
455 3991 566 4048 Menas
571 3990 687 4068 flewro
699 3991 836 4069 corymbis
