2628 4430
252 353 293 436 'tt
562 375 594 424 n.
610 373 708 423 turm
723 373 919 424 revertaris

254 519 421 595 Depositum
435 517 566 590 retinere,
580 529 609 575 et
623 518 749 576 fraudem
761 518 825 593 jure
838 518 910 574 tueri

254 597 391 655 Jurando.
433 597 589 658 Quaerebat
602 597 688 667 enim,
703 615 765 671 quas
780 597 904 654 numinis
916 607 994 655 esset¹

254 675 348 748 Mens,
362 688 391 734 et
405 696 440 734 an
455 678 508 734 boc
522 677 561 733 illi
576 676 686 732 facinus
700 678 830 733 suaderet
844 676 969 751 Apollol

253 753 393 814 Reddidit
406 753 474 832 ergd
490 767 576 826 metu,
592 775 649 812 non
665 755 788 812 moribus
800 773 807 823 ;
829 766 857 812 et
870 766 965 812 tamen
979 773 1108 814 omnem

254 834 362 892 Vocem
376 836 452 910 adyti
467 833 582 910 dignam
596 835 700 910 templo
714 845 863 909 veramque
877 835 1008 910 probarit
1194 835 1256 895 2⁰5

253 912 417 972 Exstinctus
431 915 489 973 totti
505 916 605 990 pariter
619 933 685 970 cum
699 915 776 988 prole
789 915 937 988 domoque,

202 993 206 1002 '
229 989 232 1000 '
254 991 300 1065 Et,
314 993 439 1069 quamvis
452 994 538 1069 longd
552 993 682 1050 deductis
696 1006 790 1068 gente,
805 993 975 1068 propinquis.

253 1071 315 1130 Has
328 1074 430 1149 petitur
443 1093 541 1150 poenas
554 1073 691 1149 peccandi
705 1073 764 1130 sola
774 1073 909 1130 voluntas.

253 1149 331 1209 Nam
344 1153 437 1210 scelus
452 1153 525 1211 intra
539 1173 570 1210 se
584 1153 702 1210 tacitum
715 1153 763 1227 qui
778 1151 883 1228 cogitet
896 1152 996 1223 ullum,

252 1229 334 1288 Facti
348 1233 454 1290 crimen
470 1233 562 1290 habet.
603 1232 693 1302 Cedo,
707 1231 731 1288 si
745 1243 845 1290 conata
858 1231 989 1307 peregit‘t
1192 1231 1252 1291 21⁰

252 1310 393 1388 Perpetua
406 1311 532 1369 anxietas
546 1331 600 1369 nec
614 1328 719 1368 mensae
734 1323 858 1387 tempore
873 1321 976 1384 cessat,

254 1389 395 1446 Faucibus
409 1403 440 1448 ut
453 1392 549 1448 morbo
563 1391 657 1461 siccis,
671 1391 798 1465 interque
811 1391 931 1448 molares

252 1469 369 1526 Difficili
383 1483 528 1527 crescente
542 1471 625 1528 cibo:
646 1471 694 1527 sed
705 1470 775 1526 *vina
788 1469 914 1526 misellus

240 1545 388 1624 ,uxsputq
410 1549 515 1606 Albani
530 1551 629 1607 veteris
642 1549 765 1625 pretiosa
778 1561 910 1606 senectus

252 1627 400 1704 Displicet.
441 1628 585 1686 Ostendes
599 1629 708 1701 melius,
723 1629 976 1705 densissimaruga
1188 1629 1245 1688 21⁵

251 1703 370 1783 Cogitur
384 1708 413 1764 in
428 1708 558 1779 frontem,
572 1709 648 1767 velut
662 1708 719 1764 acri
734 1710 820 1764 ducta
834 1707 964 1768 Falerno.

252 1785 346 1844 Nocte
361 1787 472 1844 brevem
486 1789 510 1844 si
520 1786 590 1844 sorte
606 1787 722 1845 indulsit
735 1805 805 1844 cura
815 1805 955 1862 soporem,

252 1863 289 1922 Et
303 1875 361 1923 toto
375 1880 484 1923 versata
498 1879 558 1923 toro
569 1867 626 1942 jam
642 1867 768 1922 membra
781 1867 946 1940 quiescunt;

247 1941 396 2002 Continuo
411 1944 556 2020 templum,
571 1955 599 2002 et
612 1945 705 2002 violati
720 1946 844 2002 numinis
858 1965 929 2017 ares,
1004 1965 1011 1982 ’

252 2023 298 2096 Et,
312 2025 385 2099 quod
399 2025 549 2100 precipuis
563 2035 687 2082 mentem
701 2023 850 2080 sudoribus
865 2037 975 2099 urguet,
1184 2023 1239 2084 220

250 2101 297 2160 Te
310 2103 385 2162 videt
399 2103 427 2160 in
443 2106 564 2160 somnis:
585 2115 634 2176 tua
647 2121 728 2160 sacra
740 2115 770 2160 et
781 2103 867 2179 major
880 2105 975 2180 imago

253 2183 387 2240 Humane
400 2185 494 2241 turbat
506 2183 648 2260 pavidum,
663 2183 794 2258 cogitque
808 2183 895 2240 lateri.

252 2261 291 2319 lli
305 2257 380 2333 sdnt,
394 2263 442 2338 qui
455 2264 605 2338 trepidant,
620 2273 648 2320 et
662 2264 697 2320 ad
712 2263 807 2320 omnia
821 2263 931 2339 fulgura
944 2263 1061 2338 pallent,

230 2333 350 2412 ‚Quum
363 2354 450 2414 tonat,
465 2343 609 2399 exanimes
622 2343 713 2418 primo
725 2361 836 2417 quoque
850 2361 993 2400 murmure
1007 2342 1095 2412 coeli3
1136 2380 1138 2392 ι

250 2419 318 2479 Non
332 2423 411 2497 quasi
425 2421 563 2493 fortuitus
578 2441 632 2478 nec
646 2432 792 2478 ventorum
807 2422 894 2494 rabie,
909 2422 959 2478 sed
1180 2419 1234 2480 225

251 2499 343 2558 Iratus
358 2503 440 2560 cadat
454 2503 483 2558 in
497 2515 585 2559 terras
598 2514 626 2559 et
637 2501 746 2578 judicet
754 2500 836 2577 ignis.

251 2579 303 2637 ttta
317 2581 387 2639 nihil
403 2582 508 2652 nocuit,
523 2581 591 2638 curri
605 2582 730 2658 graviore
744 2581 857 2638 timetur

248 2659 379 2718 Proxima
392 2673 549 2736 tempestas
564 2661 639 2718 velut
653 2661 706 2717 hoc
720 2661 805 2716 dilata
819 2677 926 2717 sereno.

247 2734 396 2810 hectorea,
411 2740 504 2796 lateris
519 2739 593 2814 vigili
608 2756 673 2794 cum
688 2739 764 2795 febre
777 2739 901 2795 dolorem

247 2815 280 2873 Si
295 2817 406 2893 coepdre
420 2818 487 2892 pati,
503 2819 618 2874 missum
633 2819 668 2874 ad
682 2835 733 2873 sua
747 2835 863 2892 corpora
876 2817 1004 2874 morbum
1174 2814 1232 2876 23⁰
1288 2863 1289 2868 ,

247 2893 355 2954 lnfesto
367 2898 487 2954 credunt
501 2915 516 2952 a
532 2897 667 2953 numine:
689 2913 756 2952 saxa
770 2897 887 2953 deorum

248 2974 320 3032 Hec
334 2987 362 3034 et
376 2975 431 3034 tels
444 2987 551 3051 putant.
593 2975 735 3032 Pecudem
750 2976 887 3050 spondere
900 2975 974 3032 sacel

248 3053 403 3127 Balantem,
417 3066 445 3112 et
459 3055 578 3112 Laribus
592 3056 703 3112 cristam
718 3055 878 3130 promittere
891 3055 959 3130 gelli

226 3189 233 3202 ,
246 3133 312 3192 Non
328 3135 450 3192 audent:
472 3135 539 3210 quid
553 3136 628 3192 enim
643 3152 753 3210 sperare
767 3135 936 3192 nocentibus
950 3134 1032 3216 egris

245 3211 442 3272 Concessum'l
463 3215 505 3271 vel
520 3233 582 3289 quae
596 3233 653 3271 non
667 3214 777 3290 dignior
791 3214 972 3272 hostiavitsll
1111 3248 1116 3263 ·
1169 3209 1226 3272 235
1284 3213 1285 3280 l

246 3290 361 3350 Mobilis
374 3305 403 3351 et
416 3295 491 3351 varia
505 3307 547 3351 est
560 3292 648 3350 ferme
663 3307 762 3350 natura
776 3293 920 3350 malorum.
1283 3311 1284 3378 p

243 3369 345 3435 Quum
359 3374 451 3430 scelus
464 3372 624 3444 admittunt,
638 3383 764 3448 superest
777 3373 943 3429 constantia.
983 3371 1064 3435 Quid
1078 3372 1122 3430 los
1282 3397 1283 3476 p

247 3451 340 3526 Atque
354 3453 442 3522 nefas,
456 3451 568 3508 tandem
583 3451 721 3527 incipiunt
734 3451 837 3508 sentire
850 3451 971 3526 peractis

243 3525 431 3588 Criminibus.
476 3529 588 3588 Tamen
604 3532 639 3588 ad
654 3549 745 3588 mores
758 3540 858 3586 natura
872 3531 990 3588 recurrit

245 3607 412 3681 Damnatos‚
426 3609 481 3666 lixa
496 3619 523 3666 et
539 3610 638 3666 mutari
654 3609 757 3666 nescia.
798 3607 951 3684 Numquis
1163 3602 1220 3664 Μ)

245 3687 387 3746 Peccandi
402 3689 486 3746 linem
501 3689 592 3764 posuit
605 3689 678 3744 sibil
698 3687 810 3764 quando
823 3689 930 3764 recepit

245 3765 376 3843 Ejectum
390 3768 475 3826 semel
491 3767 585 3824 attritu
599 3769 634 3826 de
649 3767 739 3824 fronte
752 3767 906 3824 ruborem?

243 3843 387 3909 Quisnam
402 3845 546 3904 hominum
561 3858 613 3918 est,
626 3865 710 3920 quem
724 3857 754 3903 tu
768 3857 932 3904 contentum
946 3845 1119 3904 videristuro

242 3923 387 4002 Flagitiol
426 3925 514 3983 Dabit
527 3925 556 3984 in
570 3926 700 4000 laqueum
715 3926 831 4002 vestigia
844 3937 937 3984 noster
