2628 4430
438 362 441 370 '
502 375 624 426 srrrns
643 377 691 426 nt.

9 583 10 600 ,
102 521 258 578 Exsulibtts
269 519 388 595 juvenes
401 519 487 596 ipsius
500 519 642 590 Consulis,
657 531 685 578 et
698 539 768 596 quos

102 600 244 678 Magnum
255 599 359 674 aliquid
373 599 459 654 dubia
473 619 523 673 pro
538 600 664 656 libertate
678 601 799 672 deceret,

101 679 191 740 Quod
205 680 355 736 miraretur
368 695 434 734 curn
449 678 558 734 Coclite
573 677 697 750 Mucius,
711 690 740 735 et
752 697 815 754 quae

103 759 221 836 Imperii
235 757 308 816 fines
321 756 490 814 Tiberinum
505 759 581 833 virgo
595 758 707 815 natavit.

103 837 231 896 Occulta
245 837 281 894 ad
293 847 387 912 patres
397 837 527 912 produxit
542 837 660 893 crimina
674 855 770 893 servus

104 916 246 975 Matronis
258 916 417 992 lugendus:
439 927 466 972 at
479 915 541 973 illos
555 917 670 973 verbera
681 916 762 992 justis

106 996 245 1054 Afficiunt
257 995 358 1072 ponis,
372 1006 400 1051 et
413 995 506 1070 legum
521 996 611 1070 prima
625 996 740 1052 securis

142 1075 225 1132 Malo
238 1086 318 1150 pater
332 1074 382 1130 tibi
396 1075 431 1130 sit
442 1074 599 1146 Thersites,
614 1074 767 1131 dummodo
781 1075 860 1130 tusis

108 1155 235 1212 AEacidae
249 1153 357 1224 similis,
372 1153 565 1228 Vulcaniaque
579 1173 656 1210 arma
670 1172 809 1230 capessaS,

106 1232 203 1296 Quam
218 1244 247 1290 te
259 1232 399 1290 Thersites
414 1233 534 1289 similem
549 1234 685 1308 producat
699 1232 834 1290 Achilles.

105 1313 140 1370 Et
154 1325 263 1382 tamen,
278 1323 309 1368 ut
319 1309 405 1387 longd
417 1323 535 1386 repetas,
550 1309 688 1388 longeque
702 1312 825 1368 revolvas

104 1392 230 1462 Nomen,
245 1392 281 1447 ab
295 1391 393 1448 infami
404 1402 518 1465 gentem
533 1391 651 1448 deducis
665 1391 749 1466 asylo.

104 1470 247 1547 Majorum
260 1470 368 1545 primus
382 1470 506 1545 quisquis
520 1470 571 1526 fuit
585 1469 631 1527 ille
645 1483 767 1542 tuorum,

105 1551 166 1608 Aut
178 1561 273 1626 pastor
284 1549 346 1620 fuit,
361 1559 408 1606 aut
422 1549 498 1621 illud,
513 1551 586 1624 quod
601 1551 694 1607 dicere
709 1549 782 1606 nolo.

478 1863 633 1922 SATIRA
656 1863 710 1922 IX.

139 2029 236 2085 Scrnn
251 2025 345 2096 velim,
359 2045 445 2100 quare
460 2024 540 2082 toties
554 2024 633 2095 mihi,
649 2023 774 2100 Naevole,
789 2028 875 2085 tristis

110 2105 249 2164 Occurras
260 2105 349 2162 fronte
359 2105 493 2173 obducta,
508 2123 560 2159 ceu
577 2103 689 2178 Marsya
703 2106 843 2163 victus.—

110 2185 168 2244 Non
184 2197 249 2242 erat
262 2185 317 2240 hirc
331 2184 403 2240 facie
418 2183 600 2239 miserabilior
612 2181 779 2258 Crepereius

106 2265 200 2336 Pollio,
215 2263 264 2340 qui
278 2263 416 2339 triplicem
431 2281 543 2318 usuram
556 2272 686 2336 prestare
700 2274 812 2337 paratus

104 2345 214 2402 Circuit
228 2345 264 2402 et=
271 2343 361 2400 fatuos
375 2362 431 2399 non
452 2342 566 2398 invenit.
609 2339 691 2396 Unde
706 2343 822 2417 repentd

105 2424 161 2482 Tot
175 2424 277 2500 rugael
297 2419 375 2479 certe
401 2423 512 2478 modico
526 2431 675 2476 contentus
689 2421 793 2496 agebas

107 2503 230 2560 Pernam
245 2502 377 2578 sapitum,
393 2503 509 2558 conviva
520 2500 584 2574 joco
600 2500 745 2556 mordente
759 2501 876 2570 facetus,

112 2581 147 2640 Et
158 2583 263 2639 salibus
276 2581 428 2638 vehemens
443 2580 515 2635 intra
529 2577 663 2652 pomoeria
678 2578 759 2634 natis.
833 2630 836 2634 .

113 2659 209 2720 Omnia
223 2679 303 2718 nunc
316 2657 415 2716 contrel
429 2677 434 2712 :
457 2659 548 2713 vultus
562 2655 663 2732 gravis,
679 2657 791 2714 horrida
805 2659 888 2716 sicca

113 2739 182 2798 Silva
194 2757 296 2810 comat,
311 2738 405 2796 nullus
418 2739 476 2795 tota
491 2738 562 2794 nitor
577 2737 605 2793 in
621 2749 696 2809 cute,
712 2739 822 2812 qualem

106 2819 214 2878 Bruttia
229 2819 378 2895 prestabat
391 2819 474 2874 calidi
489 2817 538 2874 tibi
554 2817 640 2873 fascia
656 2817 739 2876 visci:

104 2900 161 2958 ser
177 2900 329 2956 fruticante
342 2897 399 2974 pilo
412 2899 542 2974 neglecta
556 2909 584 2952 et
597 2899 724 2970 squalida
737 2917 827 2956 crura.

102 2979 187 3042 Quid
202 2979 309 3035 macies
324 2978 390 3052 aegri
404 2977 515 3048 veteriS,
530 2995 613 3050 quem
628 2989 752 3053 tempore
766 2979 849 3054 longo

103 3058 212 3116 Torret
225 3069 324 3132 quarta
337 3057 407 3127 dies,
420 3057 542 3129 olimque
557 3056 712 3111 domestica
726 3057 829 3112 febrisl

101 3136 273 3214 Deprendas
287 3135 374 3193 animi
388 3147 526 3192 tormenta
539 3133 651 3187 latentis
665 3135 693 3189 in
709 3152 783 3208 aegro

101 3218 242 3294 Corpore,
257 3213 414 3291 deprdndas
428 3226 456 3270 et
469 3211 589 3287 gaudia:
611 3213 696 3268 sumit
710 3223 856 3286 utrumque

102 3295 180 3354 Inde
195 3296 322 3353 habitum
337 3295 430 3350 facies.
472 3291 562 3366 Igitur
576 3288 686 3346 flexisse
701 3290 802 3346 videris

101 3376 296 3452 Propositum,
310 3385 339 3431 et
352 3373 415 3430 vitae
430 3371 586 3429 contrarius
601 3371 641 3428 ire
655 3369 748 3446 priori.

102 3456 208 3532 Nuper
222 3455 309 3525 enirn,
324 3464 355 3510 ut
368 3463 472 3528 repete,
488 3451 584 3507 fanum
599 3450 692 3520 isidis,
707 3461 736 3508 et
749 3449 945 3524 Ganymeden,

102 3535 200 3606 Pacis,
214 3543 243 3592 et
257 3534 379 3590 advectae
393 3542 501 3588 secreta
514 3531 616 3606 palatia
632 3529 740 3601 Matris,
1043 3530 1083 3589 ⁸le

103 3613 144 3674 Et
156 3613 290 3670 Cererem
306 3611 384 3688 (nam
398 3629 453 3684 quo
467 3630 522 3666 non
537 3621 640 3686 prostat
654 3609 769 3666 foemina
781 3608 917 3686 templol)

105 3693 209 3752 Notior
224 3691 340 3749 Aufidio
354 3691 482 3746 moechus
496 3690 637 3746 celebrare
651 3688 809 3745 solebas.-

106 3771 183 3832 Utile
197 3781 226 3828 et
240 3764 294 3829 lioc
307 3767 402 3827 multis
416 3769 478 3824 vita
493 3787 598 3844 genus:
620 3780 648 3825 at
662 3767 730 3824 mihi
745 3767 852 3823 nullum

9 3841 11 3900 i
107 3851 182 3910 Indd
197 3867 289 3928 operae
303 3849 432 3926 pretium.
474 3847 598 3924 Pingues
612 3847 761 3922 aliquando
775 3847 912 3916 lacernas,

9 3937 12 3954 '
108 3930 289 3990 Munimenta
300 3939 384 4004 toga,
398 3927 615 4062 duri5crassique
628 3927 736 3996 coloris,
863 3941 869 3954 ⁹
1043 3929 1082 3986 25
